2288 3878
47 151 116 218 250
281 126 285 134 “
362 155 552 209 rnnonom
568 154 748 208 earscram

42 320 123 380 mine
147 328 234 398 atque
258 318 469 400 animantibus,
498 322 584 380 cuius
611 321 737 381 virtutes
760 337 821 380 non
843 319 958 382 lrustra
979 322 1058 382 inter

43 425 76 467 se
91 407 272 469 dissentiunt
286 416 337 469 aut
355 426 457 469 secum
476 408 659 488 copulantur.
691 407 825 487 alcyonio
841 407 938 470 herba
955 417 1056 490 pastae

44 515 114 558 oves
141 496 359 577 periclitantur,
389 515 457 557 mox
484 496 583 557 radice
611 494 676 558 eins
704 504 855 577 assumpta
882 496 1057 582 liberantur.

42 585 190 647 mulorum
214 604 332 646 sumere
355 593 442 665 potus
469 603 617 646 venenum
640 592 699 666 est,
726 603 831 646 earnes
860 604 968 648 eorum
990 587 1056 649 cibo

11 675 126 736 odaiae
151 674 290 735 remedio.
336 673 493 735 medentur
520 676 633 735 ventris
660 681 809 735 tormento
839 692 931 736 canes
955 684 1055 756 pastae

43 766 189 843 gramine,
216 773 246 823 et
273 762 411 823 horridus
435 781 486 823 sus
513 761 652 823 nebulam
679 762 801 823 discutit
831 781 938 844 campo
966 765 1058 845 pabu-

42 851 128 913 latns.
173 860 203 913 et
226 855 302 912 iacta
326 850 410 912 theca
438 870 492 931 per
519 851 702 912 dictamnum
725 850 927 914 exeluduntur
955 854 1059 916 iacula

43 951 72 1001 et
104 943 184 1001 cervi
220 940 354 1019 longaevi
390 943 450 1001 vita
487 939 622 1001 adhaesis
664 947 796 1001 mutatur
829 940 982 1004 cornibus.
1029 951 1058 1004 et

43 1032 209 1090 communis
239 1028 421 1090 chelidoniae
449 1031 639 1108 cognomines
670 1028 773 1090 herbis
804 1028 958 1109 pullorum
991 1050 1058 1094 suo·

6 1130 29 1170 1⁰
43 1137 111 1179 rum
133 1118 284 1180 declarant
306 1117 416 1179 oculos.
461 1117 497 1179 ad
520 1125 705 1198 postremum
732 1124 837 1179 natura
865 1122 1059 1200 omniparens

42 1207 134 1269 veluti
157 1208 294 1269 adiuncta
317 1207 481 1286 granditate
507 1213 613 1268 cuncta
635 1208 796 1268 animantia
819 1218 1058 1286 prosecutaest

43 1314 118 1375 quae
138 1298 218 1357 enim
236 1294 378 1359 nascendi
397 1303 508 1356 sortem
526 1294 639 1376 tribuit,
662 1295 780 1356 vivendi
797 1313 831 1356 ac
849 1295 969 1358 valendi
988 1298 1057 1359 snb·

43 1386 182 1445 stantiam
209 1402 269 1444 non
291 1386 417 1461 negavit.
463 1392 509 1445 est
538 1386 618 1445 enim
645 1385 678 1444 in
706 1385 787 1444 omni
814 1385 926 1446 mundo
951 1395 1056 1449 natura

43 1481 130 1551 quae*
149 1479 289 1552 operetur
319 1471 430 1550 grande
462 1480 620 1534 secretum.
671 1472 723 1534 sed
755 1471 828 1534 illud
860 1476 966 1537 mirari
994 1471 1057 1538 'non

5 1569 30 1609 1⁶
43 1549 147 1620 desibo
175 1579 229 1621 eur
252 1559 466 1622 irrationabilia
494 1569 523 1622 et
550 1579 638 1641 vagae
662 1579 730 1622 aves
753 1569 784 1622 et
812 1569 947 1640 agrestes
976 1565 1056 1627 serae

43 1648 78 1710 ad
103 1649 246 1710 beneficia
268 1657 391 1710 naturae
413 1653 537 1730 propius
561 1650 745 1711 accederent

8 1729 33 1795 3
132 1757 220 1818 supra
252 1741 383 1801 contexti
415 1738 522 1801 dabitis
555 1738 628 1800 mihi
660 1741 776 1801 reniam
808 1741 923 1821 operis,
954 1751 1057 1822 patres

43 1829 167 1908 priores.
223 1828 456 1908 disputationum
487 1831 569 1890 enim
600 1836 767 1889 vestrarum
803 1830 934 1890 rationes
967 1836 1055 1912 atque

43 1918 247 1989 morbidorum
269 1917 440 1979 animalium
467 1936 560 1997 genus
584 1924 614 1978 et
641 1916 687 1978 his
716 1915 824 1978 similia
848 1924 929 1978 aetas
952 1921 1057 1981 mnndi

4 2014 29 2053 ²⁰
43 2007 126 2067 rudis
154 2009 308 2087 ignorarit.
358 2006 575 2086 Pythagoras
603 2007 754 2085 aegyptiae
783 2007 926 2068 scientiae
958 2011 1057 2086 gravis

42 2104 158 2177 auctor,
186 2096 290 2157 scribit
317 2094 431 2174 singula
464 2097 559 2155 nostri
586 2096 720 2173 corporis
752 2094 884 2155 membra
912 2095 1057 2159 caelestes

43 2184 100 2245 sibi
123 2193 284 2265 potestates
307 2184 480 2245 vindicasse.
521 2183 601 2244 unde
624 2183 658 2243 fit
680 2191 714 2244 ut
736 2191 786 2243 ant
807 2186 966 2245 contrariis
991 2189 1057 2266 qni·

41 2272 98 2335 bns
116 2276 275 2335 vincuntur
289 2280 340 2333 ant
357 2273 486 2352 propriis
506 2271 614 2351 quibus
633 2270 786 2350 placantur
805 2290 956 2334 conemur.
986 2275 1056 2336 hinc
1106 2284 1108 2289 '

41 2363 189 2442 estquod
212 2370 243 2423 et
264 2361 389 2422 Romani
411 2359 489 2420 iebri
516 2360 619 2421 aedem
643 2367 810 2422 statuerunt
833 2368 863 2421 et
885 2360 967 2441 quod
991 2382 1055 2425 oer-

112 2535 128 2584 2
148 2529 288 2586 elchionio
307 2531 343 2584 B.
426 2530 523 2597 tfort
543 2528 695 2584 mullorum
709 2531 754 2598 (cf.
774 2527 853 2586 Plio.
873 2535 918 2600 32,
937 2537 973 2588 91
993 2550 1055 2590 curo

41 2603 160 2658 etmoem
178 2605 226 2669 32,
243 2606 287 2657 25.
307 2603 361 2670 44).
452 2617 559 2655 sumere
578 2602 619 2656 B:
643 2601 758 2671 sanguis
777 2601 848 2657 Neu.
929 2609 945 2658 b
965 2604 1056 2677 [suni]

41 2671 165 2727 remedio
184 2672 247 2733 aad.
267 2671 338 2726 Neu.
352 2670 485 2740 (remedio
504 2671 651 2726 medentur
674 2674 816 2744 contempit
833 2673 878 2741 B).
978 2675 1057 2730 canis

63 2745 123 2798 aste
141 2743 169 2797 B
184 2743 213 2812 (f.
233 2760 300 2799 corr.
319 2739 415 2812 pasti).
434 2743 468 2809 cf.
488 2743 568 2799 Plio.
587 2746 634 2812 25,
654 2748 696 2799 91.
777 2751 793 2799 6
811 2742 941 2799 horridus
952 2772 958 2800 2
971 2789 976 2800 .
990 2763 1058 2816 ,pa-

41 2763 169 2870 bulatum
187 2815 228 2870 sic
245 2813 273 2869 B
287 2815 350 2938 p-sc
369 2814 459 2883 Neu).
479 2815 512 2881 cf.
533 2814 606 2869 men.
622 2819 668 2882 18,
681 2813 789 2885 364(.2).
878 2819 893 2868 7
911 2816 997 2871 theca
1015 2818 1056 2872 B:

41 2904 92 2943 om.
102 2886 174 2941 Neu.
227 2884 293 2941 iacu
305 2884 446 2942 eB:.tela
456 2885 530 2941 Neu:
538 2887 624 2955 (Plio.
634 2889 661 2954 8,
674 2890 718 2940 97.
730 2891 779 2953 28,
789 2886 843 2955 92).
895 2892 911 2940 9
922 2886 1017 2960 sdgsis
1027 2889 1056 2943 B

38 2959 87 3027 (cf.
107 2958 181 3012 Plio.
197 2962 228 3025 8,
248 2960 320 3027 116),
433 2962 449 3009 9
473 2973 633 3012 communes
658 2955 814 3011 calidoniae
837 2973 901 3011 eum
923 2959 1055 3014 omnibns

41 3027 137 3083 herbis
155 3028 183 3083 B
203 3029 263 3097 (ubi
285 3045 339 3100 pro
362 3044 428 3082 cum
455 3027 583 3083 omnibus
606 3045 657 3085 ocr.
680 3027 751 3084 Neo.
776 3027 988 3100 communibus).
1018 3031 1054 3098 cf.

42 3101 121 3156 Plio.
132 3105 179 3167 25,
194 3105 239 3155 89.
259 3106 286 3169 8,
301 3104 347 3156 98.
366 3099 394 3154 Α
416 3100 450 3154 ul.
466 3117 487 3155 c.
504 3105 539 3155 73
554 3100 621 3155 Aclc.
677 3104 709 3152 11
729 3098 892 3169 granditate
906 3100 1056 3156 Bccheri-

39 3172 103 3225 tate
121 3170 193 3225 Neu.
267 3176 300 3225 16
319 3186 384 3225 acce
406 3172 484 3224 erent
502 3172 541 3227 B:
562 3170 667 3224 -dant
684 3170 756 3226 Neo.
831 3174 864 3224 17
879 3173 975 3240 patres
990 3189 1058 3242 quoe

41 3243 122 3308 infra
139 3244 207 3297 citat
225 3242 411 3313 Pythagoram
429 3243 557 3312 imprimis
579 3243 647 3297 dicit
665 3247 690 3296 ct
708 3241 895 3297 Democritum
913 3243 958 3311 (cf.
979 3245 1068 3300 Plio.-

37 3316 87 3381 24,
106 3316 178 3382 156):
251 3319 285 3367 18
303 3315 389 3382 atque
403 3313 443 3368 B:
463 3329 512 3367 om.
527 3312 598 3368 Neu.
672 3317 705 3365 19
725 3311 830 3366 similia
848 3319 912 3368 onte
929 3330 998 3369 corr.
1014 3315 1056 3370 Bc

42 3382 143 3438 similis
161 3383 277 3439 B⁰Nm
334 3389 368 3439 20
387 3381 512 3457 ggiptiee
530 3383 565 3438 B.
629 3382 782 3437 acconem
799 3383 884 3439 Nece:
904 3384 1005 3439 eedem
1018 3386 1056 3440 B.

39 3457 171 3510 certenas
186 3455 246 3523 (sic)
265 3456 306 3510 B:
327 3453 486 3520 Quartensis
504 3453 576 3510 Neu.
591 3454 665 3522 (fort.
684 3453 838 3508 tertianas?
861 3454 897 3520 cf.
913 3453 958 3510 Ps.
974 3456 1053 3512 Ptin.

37 3528 107 3583 med.
127 3530 204 3596 3,15
223 3525 294 3582 Roee
311 3527 344 3581 m
360 3525 482 3593 formula
499 3527 626 3596 magica).
