2288 3878
91 146 156 210 144
413 147 603 200 rnnonom
620 149 801 201 rarscmur

87 315 263 395 adiecimus,
293 313 402 392 quibus
430 312 467 372 de
494 314 605 391 frigore
632 313 724 372 nimio
753 331 857 374 causas
881 313 992 374 doloris
1017 316 1106 376 intel-

87 403 213 464 leximus
233 404 420 463 commoveri.
457 402 504 461 his
523 403 612 461 etiam
631 402 842 480 gargarismata
861 403 1104 481 frequentissime

87 493 264 570 profuerunt
287 510 323 552 ex
347 491 519 551 decoctione
542 491 668 570 pyretri,
699 492 783 550 cuins
811 509 903 569 vapor
929 491 1053 552 naribus
1079 497 1106 553 si

87 580 242 641 hauriatur
278 581 419 640 continuo
456 578 600 639 medetur.
651 584 681 638 et
717 580 840 658 fumigia
877 579 982 640 eodem
1015 582 1105 642 modo

61 671 188 729 sinuare
217 671 421 748 cognovimnS,
454 668 477 727 si
511 666 706 727 melanthium
738 685 806 727 cum
838 668 907 727 limo
939 667 1024 729 bovis
1058 670 1105 730 vel

87 760 164 819 asini
187 756 367 817 carbonibus
390 757 562 834 impositum
585 754 708 815 naribus
732 755 893 817 hauriatur.

175 865 242 906 nam
266 853 296 906 et
318 852 467 923 unguenta
491 844 573 924 haec,
595 851 629 904 ut
652 845 767 923 experti
790 863 903 925 sumus,
926 847 1032 925 capitis
1052 847 1104 907 do-

86 935 181 995 lorem
204 935 316 995 sedant.
354 937 471 994 oniscos
495 951 569 1012 quos
593 931 790 1011 porcelliones
812 933 1003 1015 appellamus,
1027 936 1054 995 si
1074 938 1106 996 in

88 1023 152 1083 oleo
176 1023 302 1102 decoqui
325 1024 416 1083 facias
439 1029 469 1082 et
492 1041 528 1082 ex
557 1040 592 1081 eo
619 1020 720 1099 tepido
749 1030 837 1100 capnt
865 1022 1012 1083 infundas.
1062 1027 1106 1084 sic

48 1129 73 1168 ιο
86 1115 272 1190 peristereon
300 1112 391 1172 herba
424 1111 488 1171 oleo
521 1111 618 1170 infusa
650 1109 794 1170 medetur.
841 1117 871 1171 et
898 1113 924 1170 si
957 1119 1105 1173 storacem

88 1200 152 1261 oleo
184 1201 315 1261 resolvas
346 1200 447 1278 tepido
476 1209 506 1259 et
533 1218 570 1259 ex
602 1216 637 1258 eo
671 1206 759 1277 caput
791 1199 944 1280 infundas,
976 1200 1106 1261 multum

88 1289 208 1349 iuvabit.

176 1385 245 1438 sunt
277 1386 307 1437 et
339 1384 438 1437 cetera
470 1375 616 1435 adiutoria
646 1375 800 1454 polyploca
833 1395 907 1454 quae
942 1377 1105 1439 multarum

88 1467 254 1542 specierum
275 1466 502 1543 congregatione
522 1471 675 1542 compecto
693 1471 771 1544 sunt,
790 1472 823 1525 nt
843 1466 965 1526 trocisci
985 1466 1106 1547 diversi,

48 1575 75 1616 15
87 1552 245 1630 emplastra
268 1553 314 1613 vel
333 1553 464 1613 antidota
487 1552 533 1612 vel
553 1559 652 1613 cetera
671 1571 746 1631 quae
770 1571 805 1612 ex
829 1555 918 1613 variis
942 1555 1104 1615 virtutibus

88 1649 319 1722 componuntur,
349 1643 400 1702 sed
433 1641 506 1701 haec
538 1643 631 1719 magis
661 1641 758 1701 facilia
789 1642 935 1702 adiutoria
967 1643 1104 1704 adhiberi

88 1730 211 1810 suadeo,
239 1750 313 1810 quae
343 1732 479 1792 sufficere
508 1729 637 1790 arbitror
665 1733 762 1790 causis
791 1731 970 1809 supradictis
998 1735 1105 1812 capitis

87 1826 117 1879 et
140 1819 290 1898 querellis.

33 1913 77 1980 45
176 1910 207 1968 in
230 1909 409 1969 dialimmate
437 1926 507 1967 vero
535 1907 591 1966 hoc
620 1913 665 1967 est
693 1907 847 1967 intervallo
875 1910 1020 1987 temporis
1045 1928 1104 1987 quo

48 2021 74 2060 so
88 2016 193 2058 causae
212 1997 258 2058 vel
276 2000 431 2077 passiones
451 1995 607 2056 chronicae
623 1994 823 2078 publicantur,
843 2015 911 2056 cum
930 1998 1104 2075 quiescente

88 2086 189 2147 dolore
223 2106 311 2147 causa
338 2086 422 2164 latet,
450 2084 520 2144 dum
545 2084 793 2145 commotionibus
826 2085 917 2145 veluti
944 2089 1103 2147 transactis

87 2193 175 2253 aeger
199 2175 343 2236 sollicitus
368 2173 439 2233 alias
463 2175 571 2232 iterum
595 2190 767 2233 reversuras
787 2176 930 2234 attonitus
954 2174 1103 2255 formidat,

87 2271 158 2324 tunc
181 2267 207 2324 is
231 2263 384 2324 catholicis
408 2261 564 2321 adiutoriis
593 2261 808 2322 imminendum
838 2270 896 2342 est,
924 2261 1033 2340 quibus
1057 2281 1103 2323 se-

88 2353 217 2413 cuudum
245 2359 379 2412 naturam
408 2352 564 2410 sanitatem
597 2350 785 2410 reformando
817 2369 942 2411 securus
975 2351 1103 2411 confidat

160 2510 175 2557 2
203 2502 429 2572 frequentissime
451 2504 507 2558 rB:
533 2503 694 2572 frequenter
717 2505 740 2557 b.
850 2508 866 2555 3
890 2519 924 2557 ex
945 2506 994 2558 rb:
1019 2506 1048 2558 et
1066 2506 1103 2559 B.

90 2579 105 2626 5
124 2573 221 2628 iuvare
239 2578 287 2631 rb:
306 2575 357 2628 hos
375 2574 472 2628 iurare
491 2575 526 2629 B.
605 2574 630 2628 si
648 2576 709 2629 Bb:
730 2574 770 2629 sio
788 2592 810 2628 r.
893 2578 909 2627 8
929 2574 1038 2629 oniscos
1057 2577 1106 2630 rB

90 2646 144 2713 (Pe.
161 2646 224 2700 Gal.
241 2647 325 2714 XIV,
345 2651 401 2701 398
419 2647 454 2713 cf.
476 2644 547 2700 anl.
567 2647 754 2715 chr.1‚ll9):
774 2644 898 2698 sunisces
918 2648 941 2700 b.
1041 2662 1106 2715 por-

89 2715 224 2770 cellianos
243 2719 266 2771 b.
339 2732 471 2771 vocamus
490 2733 513 2770 r.
601 2723 635 2771 10
653 2716 838 2787 peristereon:
857 2718 898 2772 sic
916 2718 988 2772 er.
1062 2716 1105 2770 in-

89 2786 153 2840 fusa
179 2789 240 2843 rB:
269 2787 369 2842 attrita
397 2790 425 2842 et
452 2786 547 2841 infusa
566 2790 588 2843 b.
681 2790 832 2843 storacem:
860 2788 894 2854 cf.
913 2805 954 2858 qr.
974 2789 990 2842 l.
1011 2805 1032 2842 c.

91 2863 123 2910 13
143 2860 449 2930 sunt—componuntur
466 2859 522 2914 rB:
541 2876 592 2914 om.
611 2860 634 2914 b.
708 2857 850 2928 poliploca
863 2875 891 2914 r:
910 2857 1054 2928 poliplaoa
1068 2861 1104 2914 B.

92 2951 125 3000 14
143 2950 279 3017 conpacta
296 2950 332 3017 Β,
352 2948 480 3001 confecta
497 2965 520 3002 r.
613 2952 646 3001 18
664 2946 690 2998 ff
706 2945 924 3017 (suprascriptis)
944 2948 959 3001 b
974 2948 1048 3016 (item
1062 2950 1105 3001 irr-

89 3019 136 3085 fra
154 3037 178 3073 o.
190 3023 225 3073 33
239 3036 391 3089 semperque
404 3020 444 3074 sic
457 3019 499 3074 oei
513 3021 541 3073 §a
554 3018 711 3087 compendio
725 3020 855 3072 scribitur
864 3020 895 3072 c'rt
906 3020 940 3087 b).
1001 3017 1105 3087 capitis

91 3091 119 3142 et
137 3089 258 3158 querelis
277 3091 339 3146 Bb:
359 3107 409 3145 om.
428 3107 451 3144 r.
574 3093 607 3140 19
626 3086 803 3141 dialimmate
821 3106 844 3158 r,
864 3087 1045 3143 dialemmate
1065 3090 1106 3144 B:

90 3159 374 3231 declinatione‘(rero
392 3158 439 3214 vel
456 3160 581 3230 tempora
600 3173 655 3227 quo
704 3159 720 3226 .)
735 3160 758 3212 b.
778 3160 812 3226 cf.
833 3166 861 3228 2,
877 3164 938 3214 117.
995 3159 1014 3214 i.
1034 3161 1106 3214 tem·

89 3232 164 3300 poris
180 3234 218 3288 B:
238 3233 256 3287 i.
271 3235 346 3298 ttp‘r
360 3229 416 3302 (vel
429 3231 565 3301 tempore)
579 3231 624 3284 rb.
689 3244 722 3282 eo
737 3228 858 3299 (interr.)
874 3232 937 3286 add.
952 3231 980 3284 B
991 3233 1058 3299 (aon
1071 3234 1105 3300 r).

90 3308 124 3356 20
143 3304 271 3358 cronicae
288 3304 344 3358 rB:
364 3299 458 3372 cronia
477 3303 501 3357 b.
611 3301 640 3353 et
658 3300 886 3368 conquiescentes
906 3300 1016 3356 dolores
1034 3320 1058 3369 r,
1078 3303 1107 3355 et

86 3380 123 3495 pir
143 3372 419 3498 qupeqmntequppre
438 3374 466 3426 b:
487 3372 554 3498 dpm
571 3369 734 3496 qqipscenpp
752 3370 848 3496 doqqre
866 3371 924 3496 BQ
998 3377 1106 3497 22-{4

101 3461 210 3498 ormra
260 3461 322 3499 sam
383 3458 524 3497 mom..
650 3460 687 3498 rs:
726 3458 820 3497 1sr.
943 3459 1056 3498 securus
1099 3465 1106 3498 ε

73 3511 193 3567 futuras
211 3516 263 3572 rB.
333 3512 459 3570 confidat
475 3516 525 3571 rbr
544 3514 624 3570 -dit
641 3516 677 3571 B.
