<?xml version="1.0" encoding="UTF-8"?>
<!DOCTYPE html PUBLIC "-//W3C//DTD XHTML 1.0 Transitional//EN"
    "http://www.w3.org/TR/xhtml1/DTD/xhtml1-transitional.dtd">
<html xmlns="http://www.w3.org/1999/xhtml" xml:lang="en" lang="en">
 <head>
  <title>
</title>
<meta http-equiv="Content-Type" content="text/html;charset=utf-8" />
  <meta name='ocr-system' content='tesseract 3.04.00' />
  <meta name='ocr-capabilities' content='ocr_page ocr_carea ocr_par ocr_line ocrx_word'/>
</head>
<body>
  <div class='ocr_page' id='page_1' title='image "./theodoripriscia00rosegoog_0497.png"; bbox 0 0 2310 3864; ppageno 0'>
   <div class='ocr_carea' id='block_1_1' title="bbox 479 160 685 216">
    <p class='ocr_par' dir='ltr' id='par_1_1' title="bbox 479 160 685 216">
     <span class='ocr_line' id='line_1_1' title="bbox 479 160 685 216; baseline -0.01 0"><span class='ocrx_word' id='word_1_1' title='bbox 479 160 685 216; x_wconf 71' lang='lat' dir='ltr'>mmmmm</span> 
     </span>
    </p>
   </div>
   <div class='ocr_carea' id='block_1_2' title="bbox 477 398 706 466">
    <p class='ocr_par' dir='ltr' id='par_1_2' title="bbox 477 398 706 466">
     <span class='ocr_line' id='line_1_2' title="bbox 477 398 706 466; baseline -0.004 -12"><span class='ocrx_word' id='word_1_2' title='bbox 477 400 542 455; x_wconf 86' lang='lat' dir='ltr'>VII.</span> <span class='ocrx_word' id='word_1_3' title='bbox 562 398 594 453; x_wconf 82' lang='lat' dir='ltr'><strong><em>E</em></strong></span> <span class='ocrx_word' id='word_1_4' title='bbox 606 401 706 466; x_wconf 79' lang='lat'><em>(1893)</em></span> 
     </span>
    </p>
   </div>
   <div class='ocr_carea' id='block_1_3' title="bbox 108 486 1091 629">
    <p class='ocr_par' dir='ltr' id='par_1_3' title="bbox 108 486 1091 629">
     <span class='ocr_line' id='line_1_3' title="bbox 108 486 1091 629; baseline -0.001 -83"><span class='ocrx_word' id='word_1_5' title='bbox 108 507 142 546; x_wconf 79' lang='lat' dir='ltr'>ex</span> <span class='ocrx_word' id='word_1_6' title='bbox 160 492 217 546; x_wconf 85' lang='lat' dir='ltr'>eod.</span> <span class='ocrx_word' id='word_1_7' title='bbox 238 489 329 544; x_wconf 80' lang='lat' dir='ltr'>Pario.</span> <span class='ocrx_word' id='word_1_8' title='bbox 349 491 441 543; x_wconf 81' lang='lat'><em>11219</em></span> <span class='ocrx_word' id='word_1_9' title='bbox 460 487 723 629; x_wconf 43' lang='lat' dir='ltr'>(Emi-m</span> <span class='ocrx_word' id='word_1_10' title='bbox 737 486 800 543; x_wconf 81' lang='lat' dir='ltr'>1x¹</span> <span class='ocrx_word' id='word_1_11' title='bbox 816 488 839 554; x_wconf 80' lang='lat' dir='ltr'>f.</span> <span class='ocrx_word' id='word_1_12' title='bbox 853 491 916 543; x_wconf 79' lang='lat'>210</span> <span class='ocrx_word' id='word_1_13' title='bbox 931 489 981 556; x_wconf 73' lang='lat' dir='ltr'>(cf.</span> <span class='ocrx_word' id='word_1_14' title='bbox 1000 505 1091 559; x_wconf 70' lang='lat' dir='ltr'>supra</span> 
     </span>
    </p>
   </div>
   <div class='ocr_carea' id='block_1_4' title="bbox 221 662 967 790">
    <p class='ocr_par' dir='ltr' id='par_1_4' title="bbox 221 662 967 790">
     <span class='ocr_line' id='line_1_4' title="bbox 221 662 967 789; baseline 0.001 -71"><span class='ocrx_word' id='word_1_15' title='bbox 221 665 352 736; x_wconf 77' lang='lat' dir='ltr'>Incipit</span> <span class='ocrx_word' id='word_1_16' title='bbox 370 665 466 720; x_wconf 86' lang='lat' dir='ltr'>actio</span> <span class='ocrx_word' id='word_1_17' title='bbox 484 662 572 789; x_wconf 57' lang='lat' dir='ltr'>igsti</span> <span class='ocrx_word' id='word_1_18' title='bbox 589 662 717 787; x_wconf 78' lang='lat' dir='ltr'>mhedici</span> <span class='ocrx_word' id='word_1_19' title='bbox 736 662 777 717; x_wconf 90' lang='lat' dir='ltr'>de</span> <span class='ocrx_word' id='word_1_20' title='bbox 793 663 967 719; x_wconf 88' lang='lat' dir='ltr'>mulieria</span> 
     </span>
     <span class='ocr_line' id='line_1_5' title="bbox 524 750 676 790; baseline -0.02 0"><span class='ocrx_word' id='word_1_21' title='bbox 524 750 605 790; x_wconf 91' lang='lat' dir='ltr'>eneo</span> <span class='ocrx_word' id='word_1_22' title='bbox 633 751 676 788; x_wconf 82' lang='lat' dir='ltr'>ra.</span> 
     </span>
    </p>
   </div>
   <div class='ocr_carea' id='block_1_5' title="bbox 85 823 1111 1886">
    <p class='ocr_par' dir='ltr' id='par_1_5' title="bbox 85 823 1111 1390">
     <span class='ocr_line' id='line_1_6' title="bbox 155 823 1109 895; baseline 0 -16"><span class='ocrx_word' id='word_1_23' title='bbox 155 829 193 895; x_wconf 84' lang='lat'>(1)</span> <span class='ocrx_word' id='word_1_24' title='bbox 212 824 357 891; x_wconf 86' lang='lat' dir='ltr'><strong>Quomodo</strong></span> <span class='ocrx_word' id='word_1_25' title='bbox 380 823 411 878; x_wconf 89' lang='lat' dir='ltr'>in</span> <span class='ocrx_word' id='word_1_26' title='bbox 434 826 515 878; x_wconf 90' lang='lat' dir='ltr'>utero</span> <span class='ocrx_word' id='word_1_27' title='bbox 533 825 662 878; x_wconf 88' lang='lat' dir='ltr'>materno</span> <span class='ocrx_word' id='word_1_28' title='bbox 685 823 864 878; x_wconf 79' lang='lat' dir='ltr'>conterimus</span> <span class='ocrx_word' id='word_1_29' title='bbox 887 824 938 880; x_wconf 83' lang='lat' dir='ltr'>vel</span> <span class='ocrx_word' id='word_1_30' title='bbox 959 828 1109 895; x_wconf 86' lang='lat' dir='ltr'>portemus</span> 
     </span>
     <span class='ocr_line' id='line_1_7' title="bbox 85 892 1111 977; baseline 0.001 -27"><span class='ocrx_word' id='word_1_31' title='bbox 85 914 149 950; x_wconf 91' lang='lat' dir='ltr'>oum</span> <span class='ocrx_word' id='word_1_32' title='bbox 167 896 206 950; x_wconf 91' lang='lat' dir='ltr'>sit</span> <span class='ocrx_word' id='word_1_33' title='bbox 224 895 294 950; x_wconf 85' lang='lat' dir='ltr'>artis</span> <span class='ocrx_word' id='word_1_34' title='bbox 312 895 471 950; x_wconf 78' lang='lat' dir='ltr'>medicinae</span> <span class='ocrx_word' id='word_1_35' title='bbox 489 893 581 965; x_wconf 88' lang='lat' dir='ltr'>grecis</span> <span class='ocrx_word' id='word_1_36' title='bbox 601 892 764 948; x_wconf 87' lang='lat' dir='ltr'>auctoribus</span> <span class='ocrx_word' id='word_1_37' title='bbox 782 893 895 964; x_wconf 82' lang='lat' dir='ltr'>placuit</span> <span class='ocrx_word' id='word_1_38' title='bbox 911 898 1015 977; x_wconf 63' lang='lat' dir='ltr'>preter</span> <span class='ocrx_word' id='word_1_39' title='bbox 1035 896 1111 966; x_wconf 89' lang='lat' dir='ltr'>quod</span> 
     </span>
     <span class='ocr_line' id='line_1_8' title="bbox 85 963 1110 1035; baseline 0.001 -14"><span class='ocrx_word' id='word_1_40' title='bbox 85 967 247 1021; x_wconf 89' lang='lat' dir='ltr'>huiusmodi</span> <span class='ocrx_word' id='word_1_41' title='bbox 267 966 403 1021; x_wconf 89' lang='lat' dir='ltr'>sermonis</span> <span class='ocrx_word' id='word_1_42' title='bbox 422 965 537 1035; x_wconf 80' lang='lat' dir='ltr'>ignorat</span> <span class='ocrx_word' id='word_1_43' title='bbox 555 964 587 1018; x_wconf 91' lang='lat' dir='ltr'>in</span> <span class='ocrx_word' id='word_1_44' title='bbox 608 963 708 1019; x_wconf 87' lang='lat' dir='ltr'>latino.</span> <span class='ocrx_word' id='word_1_45' title='bbox 732 965 1010 1035; x_wconf 76' lang='lat' dir='ltr'>interpretationem</span> <span class='ocrx_word' id='word_1_46' title='bbox 1028 967 1110 1022; x_wconf 85' lang='lat' dir='ltr'>nobis</span> 
     </span>
     <span class='ocr_line' id='line_1_9' title="bbox 85 1034 1110 1107; baseline -0.001 -16"><span class='ocrx_word' id='word_1_47' title='bbox 85 1038 159 1093; x_wconf 88' lang='lat' dir='ltr'>hanc</span> <span class='ocrx_word' id='word_1_48' title='bbox 177 1038 208 1092; x_wconf 90' lang='lat' dir='ltr'>in</span> <span class='ocrx_word' id='word_1_49' title='bbox 225 1037 369 1107; x_wconf 87' lang='lat' dir='ltr'>peioribus</span> <span class='ocrx_word' id='word_1_50' title='bbox 388 1036 419 1090; x_wconf 91' lang='lat' dir='ltr'>in</span> <span class='ocrx_word' id='word_1_51' title='bbox 441 1035 548 1090; x_wconf 87' lang='lat' dir='ltr'>virtute</span> <span class='ocrx_word' id='word_1_52' title='bbox 567 1034 674 1089; x_wconf 88' lang='lat' dir='ltr'>domini</span> <span class='ocrx_word' id='word_1_53' title='bbox 693 1035 847 1104; x_wconf 76' lang='lat' dir='ltr'>agentibus</span> <span class='ocrx_word' id='word_1_54' title='bbox 864 1036 1016 1093; x_wconf 86' lang='lat' dir='ltr'>medicina</span> <span class='ocrx_word' id='word_1_55' title='bbox 1035 1037 1110 1107; x_wconf 91' lang='lat' dir='ltr'>lupi</span> 
     </span>
     <span class='ocr_line' id='line_1_10' title="bbox 86 1105 1110 1190; baseline -0.001 -27"><span class='ocrx_word' id='word_1_56' title='bbox 86 1112 120 1163; x_wconf 88' lang='lat' dir='ltr'>et</span> <span class='ocrx_word' id='word_1_57' title='bbox 137 1108 273 1179; x_wconf 88' lang='lat' dir='ltr'>pilupio</span> <span class='ocrx_word' id='word_1_58' title='bbox 296 1107 423 1163; x_wconf 88' lang='lat' dir='ltr'>erofilo</span> <span class='ocrx_word' id='word_1_59' title='bbox 442 1110 477 1161; x_wconf 89' lang='lat' dir='ltr'>et</span> <span class='ocrx_word' id='word_1_60' title='bbox 500 1105 724 1161; x_wconf 77' lang='lat' dir='ltr'>erasistrato.</span> <span class='ocrx_word' id='word_1_61' title='bbox 747 1123 841 1176; x_wconf 82' lang='lat' dir='ltr'>yppo.</span> <span class='ocrx_word' id='word_1_62' title='bbox 865 1109 901 1162; x_wconf 89' lang='lat' dir='ltr'>et</span> <span class='ocrx_word' id='word_1_63' title='bbox 920 1108 1063 1190; x_wconf 77' lang='lat' dir='ltr'>apolon.</span> <span class='ocrx_word' id='word_1_64' title='bbox 1082 1111 1110 1162; x_wconf 89' lang='lat' dir='ltr'>et</span> 
     </span>
     <span class='ocr_line' id='line_1_11' title="bbox 86 1175 1110 1247; baseline 0.002 -15"><span class='ocrx_word' id='word_1_65' title='bbox 86 1179 174 1234; x_wconf 87' lang='lat' dir='ltr'>ceteri</span> <span class='ocrx_word' id='word_1_66' title='bbox 193 1179 354 1233; x_wconf 78' lang='lat' dir='ltr'>anatomici.</span> <span class='ocrx_word' id='word_1_67' title='bbox 377 1177 554 1247; x_wconf 90' lang='lat' dir='ltr'>philosophis</span> <span class='ocrx_word' id='word_1_68' title='bbox 573 1175 655 1231; x_wconf 89' lang='lat' dir='ltr'>licuit</span> <span class='ocrx_word' id='word_1_69' title='bbox 678 1175 827 1232; x_wconf 87' lang='lat' dir='ltr'>discutere.</span> <span class='ocrx_word' id='word_1_70' title='bbox 854 1180 888 1231; x_wconf 90' lang='lat' dir='ltr'>ut</span> <span class='ocrx_word' id='word_1_71' title='bbox 906 1183 1018 1234; x_wconf 78' lang='lat' dir='ltr'>scirent</span> <span class='ocrx_word' id='word_1_72' title='bbox 1036 1179 1110 1234; x_wconf 86' lang='lat' dir='ltr'>unde</span> 
     </span>
     <span class='ocr_line' id='line_1_12' title="bbox 87 1243 1109 1318; baseline -0.001 -14"><span class='ocrx_word' id='word_1_73' title='bbox 87 1252 116 1304; x_wconf 87' lang='lat' dir='ltr'>et</span> <span class='ocrx_word' id='word_1_74' title='bbox 130 1251 270 1318; x_wconf 92' lang='lat' dir='ltr'>quomodo</span> <span class='ocrx_word' id='word_1_75' title='bbox 289 1251 431 1304; x_wconf 88' lang='lat' dir='ltr'>mortuum</span> <span class='ocrx_word' id='word_1_76' title='bbox 448 1252 524 1304; x_wconf 87' lang='lat' dir='ltr'>essct</span> <span class='ocrx_word' id='word_1_77' title='bbox 541 1246 663 1302; x_wconf 88' lang='lat' dir='ltr'>hominis</span> <span class='ocrx_word' id='word_1_78' title='bbox 682 1246 774 1302; x_wconf 85' lang='lat' dir='ltr'>faeere</span> <span class='ocrx_word' id='word_1_79' title='bbox 791 1264 851 1302; x_wconf 88' lang='lat' dir='ltr'>non</span> <span class='ocrx_word' id='word_1_80' title='bbox 867 1247 962 1305; x_wconf 89' lang='lat' dir='ltr'>licuit.</span> <span class='ocrx_word' id='word_1_81' title='bbox 987 1243 1028 1306; x_wconf 82' lang='lat' dir='ltr'>Et</span> <span class='ocrx_word' id='word_1_82' title='bbox 1046 1250 1109 1305; x_wconf 91' lang='lat' dir='ltr'>ideo</span> 
     </span>
     <span class='ocr_line' id='line_1_13' title="bbox 86 1316 1075 1390; baseline 0.004 -18"><span class='ocrx_word' id='word_1_83' title='bbox 86 1320 140 1373; x_wconf 94' lang='lat' dir='ltr'>hoc</span> <span class='ocrx_word' id='word_1_84' title='bbox 159 1321 326 1390; x_wconf 83' lang='lat' dir='ltr'>exemplare.</span> <span class='ocrx_word' id='word_1_85' title='bbox 346 1319 437 1375; x_wconf 88' lang='lat' dir='ltr'>oratio</span> <span class='ocrx_word' id='word_1_86' title='bbox 456 1319 537 1374; x_wconf 91' lang='lat' dir='ltr'>vobis</span> <span class='ocrx_word' id='word_1_87' title='bbox 552 1317 687 1374; x_wconf 75' lang='lat' dir='ltr'>redditur.</span> <span class='ocrx_word' id='word_1_88' title='bbox 707 1316 854 1383; x_wconf 84' lang='lat' dir='ltr'><strong>Quomodo</strong></span> <span class='ocrx_word' id='word_1_89' title='bbox 872 1319 1075 1376; x_wconf 84' lang='lat' dir='ltr'>contineamus</span> 
     </span>
    </p>

    <p class='ocr_par' dir='ltr' id='par_1_6' title="bbox 87 1387 1109 1886">
     <span class='ocr_line' id='line_1_14' title="bbox 160 1387 1109 1463; baseline 0.002 -20"><span class='ocrx_word' id='word_1_90' title='bbox 160 1393 214 1460; x_wconf 84' lang='lat'>(13)</span> <span class='ocrx_word' id='word_1_91' title='bbox 233 1391 374 1461; x_wconf 87' lang='lat' dir='ltr'>longaone</span> <span class='ocrx_word' id='word_1_92' title='bbox 393 1407 460 1445; x_wconf 91' lang='lat' dir='ltr'>vero</span> <span class='ocrx_word' id='word_1_93' title='bbox 478 1389 560 1444; x_wconf 85' lang='lat' dir='ltr'>iuxta</span> <span class='ocrx_word' id='word_1_94' title='bbox 579 1391 623 1444; x_wconf 85' lang='lat' dir='ltr'>est</span> <span class='ocrx_word' id='word_1_95' title='bbox 640 1387 735 1443; x_wconf 83' lang='lat' dir='ltr'>vesica</span> <span class='ocrx_word' id='word_1_96' title='bbox 753 1388 863 1444; x_wconf 85' lang='lat' dir='ltr'>habens</span> <span class='ocrx_word' id='word_1_97' title='bbox 881 1389 960 1446; x_wconf 90' lang='lat' dir='ltr'>collo</span> <span class='ocrx_word' id='word_1_98' title='bbox 977 1391 1068 1463; x_wconf 88' lang='lat' dir='ltr'>longo</span> <span class='ocrx_word' id='word_1_99' title='bbox 1081 1394 1109 1446; x_wconf 90' lang='lat' dir='ltr'>et</span> 
     </span>
     <span class='ocr_line' id='line_1_15' title="bbox 88 1459 1108 1529; baseline 0.004 -15"><span class='ocrx_word' id='word_1_100' title='bbox 88 1460 161 1515; x_wconf 88' lang='lat' dir='ltr'>collo</span> <span class='ocrx_word' id='word_1_101' title='bbox 176 1461 272 1516; x_wconf 90' lang='lat' dir='ltr'>iuncto</span> <span class='ocrx_word' id='word_1_102' title='bbox 286 1465 398 1517; x_wconf 87' lang='lat' dir='ltr'>veretro</span> <span class='ocrx_word' id='word_1_103' title='bbox 408 1479 426 1516; x_wconf 93' lang='lat' dir='ltr'>a</span> <span class='ocrx_word' id='word_1_104' title='bbox 435 1478 492 1529; x_wconf 91' lang='lat' dir='ltr'>quo</span> <span class='ocrx_word' id='word_1_105' title='bbox 506 1461 580 1515; x_wconf 93' lang='lat' dir='ltr'>collo</span> <span class='ocrx_word' id='word_1_106' title='bbox 589 1459 685 1515; x_wconf 86' lang='lat' dir='ltr'>vesica</span> <span class='ocrx_word' id='word_1_107' title='bbox 698 1461 876 1515; x_wconf 86' lang='lat' dir='ltr'>nontenctur.</span> <span class='ocrx_word' id='word_1_108' title='bbox 891 1460 1001 1518; x_wconf 79' lang='lat' dir='ltr'>Vesica</span> <span class='ocrx_word' id='word_1_109' title='bbox 1015 1465 1108 1518; x_wconf 85' lang='lat' dir='ltr'>autern</span> 
     </span>
     <span class='ocr_line' id='line_1_16' title="bbox 88 1529 1107 1603; baseline 0.003 -19"><span class='ocrx_word' id='word_1_110' title='bbox 88 1531 162 1585; x_wconf 89' lang='lat' dir='ltr'>inter</span> <span class='ocrx_word' id='word_1_111' title='bbox 188 1533 258 1586; x_wconf 86' lang='lat' dir='ltr'>duos</span> <span class='ocrx_word' id='word_1_112' title='bbox 280 1549 361 1587; x_wconf 87' lang='lat' dir='ltr'>renes</span> <span class='ocrx_word' id='word_1_113' title='bbox 386 1532 547 1587; x_wconf 80' lang='lat' dir='ltr'>continetur</span> <span class='ocrx_word' id='word_1_114' title='bbox 570 1535 599 1586; x_wconf 89' lang='lat' dir='ltr'>et</span> <span class='ocrx_word' id='word_1_115' title='bbox 627 1533 739 1585; x_wconf 87' lang='lat' dir='ltr'>current</span> <span class='ocrx_word' id='word_1_116' title='bbox 766 1529 811 1584; x_wconf 93' lang='lat' dir='ltr'>illi</span> <span class='ocrx_word' id='word_1_117' title='bbox 834 1531 957 1587; x_wconf 80' lang='lat' dir='ltr'>dextera</span> <span class='ocrx_word' id='word_1_118' title='bbox 978 1532 1107 1603; x_wconf 79' lang='lat' dir='ltr'>levaque.</span> 
     </span>
     <span class='ocr_line' id='line_1_17' title="bbox 87 1601 1107 1674; baseline 0.001 -18"><span class='ocrx_word' id='word_1_119' title='bbox 87 1601 194 1657; x_wconf 66' lang='lat' dir='ltr'>Nereia</span> <span class='ocrx_word' id='word_1_120' title='bbox 212 1619 267 1671; x_wconf 87' lang='lat' dir='ltr'>que</span> <span class='ocrx_word' id='word_1_121' title='bbox 284 1602 412 1657; x_wconf 90' lang='lat' dir='ltr'>testiculi</span> <span class='ocrx_word' id='word_1_122' title='bbox 436 1602 582 1657; x_wconf 85' lang='lat' dir='ltr'>continent</span> <span class='ocrx_word' id='word_1_123' title='bbox 606 1601 716 1672; x_wconf 75' lang='lat' dir='ltr'>quodg</span> <span class='ocrx_word' id='word_1_124' title='bbox 733 1603 762 1672; x_wconf 82' lang='lat' dir='ltr'>(i.</span> <span class='ocrx_word' id='word_1_125' title='bbox 777 1618 799 1657; x_wconf 83' lang='lat' dir='ltr'>e.</span> <span class='ocrx_word' id='word_1_126' title='bbox 813 1602 905 1672; x_wconf 83' lang='lat' dir='ltr'>greci)</span> <span class='ocrx_word' id='word_1_127' title='bbox 924 1604 1107 1674; x_wconf 80' lang='lat' dir='ltr'>gremastaris</span> 
     </span>
     <span class='ocr_line' id='line_1_18' title="bbox 88 1671 1107 1747; baseline 0 -19"><span class='ocrx_word' id='word_1_128' title='bbox 88 1677 200 1729; x_wconf 84' lang='lat' dir='ltr'>vocant.</span> <span class='ocrx_word' id='word_1_129' title='bbox 214 1673 305 1728; x_wconf 91' lang='lat' dir='ltr'>iuncti</span> <span class='ocrx_word' id='word_1_130' title='bbox 319 1676 385 1727; x_wconf 91' lang='lat' dir='ltr'>sunt</span> <span class='ocrx_word' id='word_1_131' title='bbox 398 1673 539 1728; x_wconf 81' lang='lat' dir='ltr'>foramina</span> <span class='ocrx_word' id='word_1_132' title='bbox 550 1690 602 1743; x_wconf 88' lang='lat' dir='ltr'>per</span> <span class='ocrx_word' id='word_1_133' title='bbox 615 1689 699 1742; x_wconf 87' lang='lat' dir='ltr'>quem</span> <span class='ocrx_word' id='word_1_134' title='bbox 711 1671 856 1728; x_wconf 89' lang='lat' dir='ltr'>lenissime</span> <span class='ocrx_word' id='word_1_135' title='bbox 866 1673 943 1729; x_wconf 86' lang='lat' dir='ltr'>bene</span> <span class='ocrx_word' id='word_1_136' title='bbox 957 1675 998 1730; x_wconf 86' lang='lat' dir='ltr'>ad</span> <span class='ocrx_word' id='word_1_137' title='bbox 1012 1675 1107 1747; x_wconf 81' lang='lat' dir='ltr'>spinae</span> 
     </span>
     <span class='ocr_line' id='line_1_19' title="bbox 89 1743 1107 1817; baseline -0.001 -17"><span class='ocrx_word' id='word_1_138' title='bbox 89 1744 213 1800; x_wconf 83' lang='lat' dir='ltr'>medulla</span> <span class='ocrx_word' id='word_1_139' title='bbox 231 1745 262 1799; x_wconf 92' lang='lat' dir='ltr'>in</span> <span class='ocrx_word' id='word_1_140' title='bbox 279 1744 420 1799; x_wconf 84' lang='lat' dir='ltr'>testiculis</span> <span class='ocrx_word' id='word_1_141' title='bbox 441 1761 536 1799; x_wconf 88' lang='lat' dir='ltr'>semen</span> <span class='ocrx_word' id='word_1_142' title='bbox 554 1743 762 1799; x_wconf 79' lang='lat' dir='ltr'>administrant.</span> <span class='ocrx_word' id='word_1_143' title='bbox 788 1744 866 1811; x_wconf 92' lang='lat' dir='ltr'>quod</span> <span class='ocrx_word' id='word_1_144' title='bbox 884 1745 966 1814; x_wconf 86' lang='lat' dir='ltr'>greci</span> <span class='ocrx_word' id='word_1_145' title='bbox 986 1762 1107 1817; x_wconf 83' lang='lat' dir='ltr'>sperma·</span> 
     </span>
     <span class='ocr_line' id='line_1_20' title="bbox 92 1816 412 1886; baseline 0.003 -16"><span class='ocrx_word' id='word_1_146' title='bbox 92 1816 166 1870; x_wconf 91' lang='lat' dir='ltr'>ticus</span> <span class='ocrx_word' id='word_1_147' title='bbox 184 1833 283 1886; x_wconf 84' lang='lat' dir='ltr'>prorue</span> <span class='ocrx_word' id='word_1_148' title='bbox 301 1818 412 1871; x_wconf 80' lang='lat' dir='ltr'>vocant.</span> 
     </span>
    </p>
   </div>
   <div class='ocr_carea' id='block_1_6' title="bbox 32 1893 1110 2530">
    <p class='ocr_par' dir='ltr' id='par_1_7' title="bbox 90 1893 1108 2390">
     <span class='ocr_line' id='line_1_21' title="bbox 162 1893 1108 1968; baseline -0.002 -17"><span class='ocrx_word' id='word_1_149' title='bbox 162 1900 217 1968; x_wconf 82' lang='lat'>(16)</span> <span class='ocrx_word' id='word_1_150' title='bbox 237 1897 292 1951; x_wconf 85' lang='lat' dir='ltr'>Sed</span> <span class='ocrx_word' id='word_1_151' title='bbox 310 1896 442 1951; x_wconf 87' lang='lat' dir='ltr'>similiter</span> <span class='ocrx_word' id='word_1_152' title='bbox 460 1898 490 1951; x_wconf 91' lang='lat' dir='ltr'>et</span> <span class='ocrx_word' id='word_1_153' title='bbox 507 1894 629 1950; x_wconf 85' lang='lat' dir='ltr'>feminae</span> <span class='ocrx_word' id='word_1_154' title='bbox 648 1893 797 1949; x_wconf 87' lang='lat' dir='ltr'>testiculus</span> <span class='ocrx_word' id='word_1_155' title='bbox 816 1894 890 1950; x_wconf 89' lang='lat' dir='ltr'>sicut</span> <span class='ocrx_word' id='word_1_156' title='bbox 910 1898 941 1951; x_wconf 88' lang='lat' dir='ltr'>et</span> <span class='ocrx_word' id='word_1_157' title='bbox 955 1897 1027 1952; x_wconf 83' lang='lat' dir='ltr'>viris</span> <span class='ocrx_word' id='word_1_158' title='bbox 1046 1913 1108 1951; x_wconf 90' lang='lat' dir='ltr'>con·</span> 
     </span>
     <span class='ocr_line' id='line_1_22' title="bbox 91 1964 1108 2036; baseline -0.002 -15"><span class='ocrx_word' id='word_1_159' title='bbox 91 1971 152 2022; x_wconf 88' lang='lat' dir='ltr'>tere</span> <span class='ocrx_word' id='word_1_160' title='bbox 171 1967 277 2022; x_wconf 87' lang='lat' dir='ltr'>femina</span> <span class='ocrx_word' id='word_1_161' title='bbox 295 1967 396 2036; x_wconf 88' lang='lat' dir='ltr'>inquid</span> <span class='ocrx_word' id='word_1_162' title='bbox 410 1967 499 2022; x_wconf 87' lang='lat' dir='ltr'>habet</span> <span class='ocrx_word' id='word_1_163' title='bbox 512 1966 661 2022; x_wconf 83' lang='lat' dir='ltr'>testiculus</span> <span class='ocrx_word' id='word_1_164' title='bbox 677 1964 798 2034; x_wconf 87' lang='lat' dir='ltr'>denique</span> <span class='ocrx_word' id='word_1_165' title='bbox 813 1967 843 2020; x_wconf 90' lang='lat' dir='ltr'>ct</span> <span class='ocrx_word' id='word_1_166' title='bbox 855 1970 969 2035; x_wconf 83' lang='lat' dir='ltr'>parcnt.</span> <span class='ocrx_word' id='word_1_167' title='bbox 990 1968 1108 2023; x_wconf 83' lang='lat' dir='ltr'>sednon</span> 
     </span>
     <span class='ocr_line' id='line_1_23' title="bbox 90 2035 1108 2108; baseline -0.001 -17"><span class='ocrx_word' id='word_1_168' title='bbox 90 2038 174 2092; x_wconf 91' lang='lat' dir='ltr'>huius</span> <span class='ocrx_word' id='word_1_169' title='bbox 194 2038 426 2108; x_wconf 87' lang='lat' dir='ltr'>compositionem</span> <span class='ocrx_word' id='word_1_170' title='bbox 444 2038 552 2092; x_wconf 86' lang='lat' dir='ltr'>habent</span> <span class='ocrx_word' id='word_1_171' title='bbox 570 2037 644 2091; x_wconf 90' lang='lat' dir='ltr'>siout</span> <span class='ocrx_word' id='word_1_172' title='bbox 662 2037 691 2090; x_wconf 91' lang='lat' dir='ltr'>et</span> <span class='ocrx_word' id='word_1_173' title='bbox 709 2035 763 2090; x_wconf 86' lang='lat' dir='ltr'>viri</span> <span class='ocrx_word' id='word_1_174' title='bbox 783 2036 833 2090; x_wconf 89' lang='lat' dir='ltr'>sed</span> <span class='ocrx_word' id='word_1_175' title='bbox 851 2036 974 2093; x_wconf 87' lang='lat' dir='ltr'>minoris</span> <span class='ocrx_word' id='word_1_176' title='bbox 993 2041 1025 2094; x_wconf 89' lang='lat' dir='ltr'>et</span> <span class='ocrx_word' id='word_1_177' title='bbox 1042 2037 1108 2092; x_wconf 91' lang='lat' dir='ltr'>mol·</span> 
     </span>
     <span class='ocr_line' id='line_1_24' title="bbox 91 2106 1105 2179; baseline 0.002 -18"><span class='ocrx_word' id='word_1_178' title='bbox 91 2109 179 2164; x_wconf 89' lang='lat' dir='ltr'>lioris.</span> <span class='ocrx_word' id='word_1_179' title='bbox 202 2110 282 2165; x_wconf 86' lang='lat' dir='ltr'>Adeo</span> <span class='ocrx_word' id='word_1_180' title='bbox 305 2125 480 2178; x_wconf 87' lang='lat' dir='ltr'>quecumque</span> <span class='ocrx_word' id='word_1_181' title='bbox 504 2107 605 2162; x_wconf 86' lang='lat' dir='ltr'>similis</span> <span class='ocrx_word' id='word_1_182' title='bbox 628 2106 736 2161; x_wconf 89' lang='lat' dir='ltr'>habent</span> <span class='ocrx_word' id='word_1_183' title='bbox 754 2109 787 2161; x_wconf 92' lang='lat' dir='ltr'>ut</span> <span class='ocrx_word' id='word_1_184' title='bbox 809 2106 879 2162; x_wconf 82' lang='lat' dir='ltr'>viris</span> <span class='ocrx_word' id='word_1_185' title='bbox 898 2125 918 2163; x_wconf 90' lang='lat' dir='ltr'>a</span> <span class='ocrx_word' id='word_1_186' title='bbox 937 2109 1105 2179; x_wconf 85' lang='lat' dir='ltr'>quibusdam</span> 
     </span>
     <span class='ocr_line' id='line_1_25' title="bbox 94 2178 1107 2247; baseline -0.001 -14"><span class='ocrx_word' id='word_1_187' title='bbox 94 2179 193 2234; x_wconf 91' lang='lat' dir='ltr'>coliosi</span> <span class='ocrx_word' id='word_1_188' title='bbox 213 2183 242 2235; x_wconf 90' lang='lat' dir='ltr'>et</span> <span class='ocrx_word' id='word_1_189' title='bbox 259 2180 378 2235; x_wconf 88' lang='lat' dir='ltr'>molioso</span> <span class='ocrx_word' id='word_1_190' title='bbox 399 2179 539 2234; x_wconf 86' lang='lat' dir='ltr'>dicuntur.</span> <span class='ocrx_word' id='word_1_191' title='bbox 559 2178 677 2233; x_wconf 80' lang='lat' dir='ltr'>Constat</span> <span class='ocrx_word' id='word_1_192' title='bbox 695 2194 762 2247; x_wconf 90' lang='lat' dir='ltr'>ergo</span> <span class='ocrx_word' id='word_1_193' title='bbox 776 2194 863 2232; x_wconf 90' lang='lat' dir='ltr'>unam</span> <span class='ocrx_word' id='word_1_194' title='bbox 880 2182 1021 2235; x_wconf 75' lang='lat' dir='ltr'>naturum</span> <span class='ocrx_word' id='word_1_195' title='bbox 1038 2182 1107 2235; x_wconf 85' lang='lat' dir='ltr'>esset</span> 
     </span>
     <span class='ocr_line' id='line_1_26' title="bbox 91 2248 1107 2318; baseline -0.002 -14"><span class='ocrx_word' id='word_1_196' title='bbox 91 2250 160 2304; x_wconf 85' lang='lat' dir='ltr'>viris</span> <span class='ocrx_word' id='word_1_197' title='bbox 180 2254 209 2305; x_wconf 89' lang='lat' dir='ltr'>et</span> <span class='ocrx_word' id='word_1_198' title='bbox 227 2251 326 2306; x_wconf 87' lang='lat' dir='ltr'>femini</span> <span class='ocrx_word' id='word_1_199' title='bbox 346 2251 396 2306; x_wconf 90' lang='lat' dir='ltr'>sed</span> <span class='ocrx_word' id='word_1_200' title='bbox 413 2250 515 2304; x_wconf 90' lang='lat' dir='ltr'>mulier</span> <span class='ocrx_word' id='word_1_201' title='bbox 537 2249 639 2318; x_wconf 89' lang='lat' dir='ltr'>inquid</span> <span class='ocrx_word' id='word_1_202' title='bbox 661 2248 776 2303; x_wconf 86' lang='lat' dir='ltr'>vulvam</span> <span class='ocrx_word' id='word_1_203' title='bbox 795 2248 890 2303; x_wconf 82' lang='lat' dir='ltr'>simili.</span> <span class='ocrx_word' id='word_1_204' title='bbox 916 2253 948 2305; x_wconf 89' lang='lat' dir='ltr'>et</span> <span class='ocrx_word' id='word_1_205' title='bbox 970 2250 1107 2307; x_wconf 82' lang='lat' dir='ltr'>testiculis</span> 
     </span>
     <span class='ocr_line' id='line_1_27' title="bbox 92 2318 1107 2390; baseline 0 -16"><span class='ocrx_word' id='word_1_206' title='bbox 92 2321 181 2375; x_wconf 89' lang='lat' dir='ltr'>tonici</span> <span class='ocrx_word' id='word_1_207' title='bbox 200 2339 265 2377; x_wconf 89' lang='lat' dir='ltr'>vero</span> <span class='ocrx_word' id='word_1_208' title='bbox 285 2326 422 2390; x_wconf 86' lang='lat' dir='ltr'>quantum</span> <span class='ocrx_word' id='word_1_209' title='bbox 440 2338 560 2390; x_wconf 85' lang='lat' dir='ltr'>quorum</span> <span class='ocrx_word' id='word_1_210' title='bbox 577 2320 669 2389; x_wconf 88' lang='lat' dir='ltr'>prima</span> <span class='ocrx_word' id='word_1_211' title='bbox 685 2318 758 2373; x_wconf 87' lang='lat' dir='ltr'>siout</span> <span class='ocrx_word' id='word_1_212' title='bbox 776 2318 831 2373; x_wconf 88' lang='lat' dir='ltr'>esti</span> <span class='ocrx_word' id='word_1_213' title='bbox 850 2319 966 2377; x_wconf 84' lang='lat' dir='ltr'>dicitur.</span> <span class='ocrx_word' id='word_1_214' title='bbox 986 2321 1107 2377; x_wconf 81' lang='lat' dir='ltr'>secunda</span> 
     </span>
    </p>

    <p class='ocr_par' dir='ltr' id='par_1_8' title="bbox 32 2390 1110 2530">
     <span class='ocr_line' id='line_1_28' title="bbox 32 2390 1110 2515; baseline 0.003 -70"><span class='ocrx_word' id='word_1_215' title='bbox 32 2454 42 2471; x_wconf 48' lang='lat'><strong>·</strong></span> <span class='ocrx_word' id='word_1_216' title='bbox 92 2395 236 2515; x_wconf 60' lang='lat' dir='ltr'>epclrl(se)ro.</span> <span class='ocrx_word' id='word_1_217' title='bbox 256 2396 286 2447; x_wconf 90' lang='lat' dir='ltr'>et</span> <span class='ocrx_word' id='word_1_218' title='bbox 304 2394 348 2446; x_wconf 91' lang='lat' dir='ltr'>his</span> <span class='ocrx_word' id='word_1_219' title='bbox 366 2392 453 2447; x_wconf 85' lang='lat' dir='ltr'>tertia</span> <span class='ocrx_word' id='word_1_220' title='bbox 471 2390 637 2462; x_wconf 88' lang='lat' dir='ltr'>petreimon.</span> <span class='ocrx_word' id='word_1_221' title='bbox 662 2392 764 2457; x_wconf 86' lang='lat' dir='ltr'>quurta</span> <span class='ocrx_word' id='word_1_222' title='bbox 787 2390 959 2447; x_wconf 89' lang='lat' dir='ltr'>tenuissima</span> <span class='ocrx_word' id='word_1_223' title='bbox 977 2393 1047 2448; x_wconf 74' lang='lat' dir='ltr'>tani</span> <span class='ocrx_word' id='word_1_224' title='bbox 1064 2410 1110 2462; x_wconf 77' lang='lat' dir='ltr'>ap</span> 
     </span>
     <span class='ocr_line' id='line_1_29' title="bbox 92 2465 223 2530; baseline 0.008 -16"><span class='ocrx_word' id='word_1_225' title='bbox 92 2478 128 2530; x_wconf 88' lang='lat' dir='ltr'>pe</span> <span class='ocrx_word' id='word_1_226' title='bbox 152 2465 223 2516; x_wconf 91' lang='lat' dir='ltr'>atur.</span> 
     </span>
    </p>
   </div>
   <div class='ocr_carea' id='block_1_7' title="bbox 92 2541 1113 3107">
    <p class='ocr_par' dir='ltr' id='par_1_9' title="bbox 92 2541 1113 3107">
     <span class='ocr_line' id='line_1_30' title="bbox 164 2541 1110 2610; baseline 0.004 -18"><span class='ocrx_word' id='word_1_227' title='bbox 164 2544 218 2609; x_wconf 80' lang='lat'><strong>(17)</strong></span> <span class='ocrx_word' id='word_1_228' title='bbox 238 2541 374 2598; x_wconf 83' lang='lat' dir='ltr'>Similiter</span> <span class='ocrx_word' id='word_1_229' title='bbox 392 2541 478 2597; x_wconf 83' lang='lat' dir='ltr'>vulva</span> <span class='ocrx_word' id='word_1_230' title='bbox 497 2541 591 2596; x_wconf 89' lang='lat' dir='ltr'>habet.</span> <span class='ocrx_word' id='word_1_231' title='bbox 615 2541 707 2610; x_wconf 88' lang='lat' dir='ltr'>prima</span> <span class='ocrx_word' id='word_1_232' title='bbox 730 2543 826 2596; x_wconf 85' lang='lat' dir='ltr'>autem</span> <span class='ocrx_word' id='word_1_233' title='bbox 848 2541 946 2597; x_wconf 89' lang='lat' dir='ltr'>mollis</span> <span class='ocrx_word' id='word_1_234' title='bbox 970 2542 1110 2598; x_wconf 86' lang='lat' dir='ltr'>membra·</span> 
     </span>
     <span class='ocr_line' id='line_1_31' title="bbox 92 2610 1109 2684; baseline 0.003 -20"><span class='ocrx_word' id='word_1_235' title='bbox 92 2629 160 2664; x_wconf 90' lang='lat' dir='ltr'>num</span> <span class='ocrx_word' id='word_1_236' title='bbox 178 2610 271 2666; x_wconf 84' lang='lat' dir='ltr'>vulva.</span> <span class='ocrx_word' id='word_1_237' title='bbox 292 2616 322 2667; x_wconf 89' lang='lat' dir='ltr'>et</span> <span class='ocrx_word' id='word_1_238' title='bbox 339 2630 395 2681; x_wconf 91' lang='lat' dir='ltr'>quo</span> <span class='ocrx_word' id='word_1_239' title='bbox 420 2612 581 2668; x_wconf 84' lang='lat' dir='ltr'>continetur</span> <span class='ocrx_word' id='word_1_240' title='bbox 599 2613 675 2680; x_wconf 86' lang='lat' dir='ltr'>quod</span> <span class='ocrx_word' id='word_1_241' title='bbox 693 2616 713 2684; x_wconf 77' lang='lat' dir='ltr'>g</span> <span class='ocrx_word' id='word_1_242' title='bbox 731 2611 849 2682; x_wconf 90' lang='lat' dir='ltr'>genticn</span> <span class='ocrx_word' id='word_1_243' title='bbox 873 2612 975 2682; x_wconf 85' lang='lat' dir='ltr'>golfon</span> <span class='ocrx_word' id='word_1_244' title='bbox 998 2616 1109 2669; x_wconf 83' lang='lat' dir='ltr'>vocant.</span> 
     </span>
     <span class='ocr_line' id='line_1_32' title="bbox 94 2682 1112 2750; baseline 0.002 -14"><span class='ocrx_word' id='word_1_245' title='bbox 94 2682 149 2736; x_wconf 84' lang='lat' dir='ltr'>Sed</span> <span class='ocrx_word' id='word_1_246' title='bbox 168 2683 308 2750; x_wconf 91' lang='lat' dir='ltr'>quomodo</span> <span class='ocrx_word' id='word_1_247' title='bbox 327 2688 371 2738; x_wconf 90' lang='lat' dir='ltr'>cst</span> <span class='ocrx_word' id='word_1_248' title='bbox 389 2683 508 2739; x_wconf 88' lang='lat' dir='ltr'>masculi</span> <span class='ocrx_word' id='word_1_249' title='bbox 526 2686 668 2738; x_wconf 86' lang='lat' dir='ltr'>veretrum</span> <span class='ocrx_word' id='word_1_250' title='bbox 686 2684 729 2739; x_wconf 87' lang='lat' dir='ltr'>ita</span> <span class='ocrx_word' id='word_1_251' title='bbox 747 2687 780 2737; x_wconf 89' lang='lat' dir='ltr'>ut</span> <span class='ocrx_word' id='word_1_252' title='bbox 804 2682 892 2739; x_wconf 79' lang='lat' dir='ltr'>vulva</span> <span class='ocrx_word' id='word_1_253' title='bbox 911 2684 1021 2739; x_wconf 90' lang='lat' dir='ltr'>collum</span> <span class='ocrx_word' id='word_1_254' title='bbox 1039 2685 1112 2739; x_wconf 90' lang='lat' dir='ltr'>siout</span> 
     </span>
     <span class='ocr_line' id='line_1_33' title="bbox 93 2753 1111 2810; baseline 0.003 -4"><span class='ocrx_word' id='word_1_255' title='bbox 93 2753 209 2807; x_wconf 86' lang='lat' dir='ltr'>accius</span> <span class='ocrx_word' id='word_1_256' title='bbox 228 2753 341 2808; x_wconf 86' lang='lat' dir='ltr'>iustus</span> <span class='ocrx_word' id='word_1_257' title='bbox 355 2754 456 2809; x_wconf 86' lang='lat' dir='ltr'>Vulva.</span> <span class='ocrx_word' id='word_1_258' title='bbox 480 2753 658 2808; x_wconf 85' lang='lat' dir='ltr'>Naturaliter</span> <span class='ocrx_word' id='word_1_259' title='bbox 676 2753 770 2810; x_wconf 93' lang='lat' dir='ltr'>mollis</span> <span class='ocrx_word' id='word_1_260' title='bbox 790 2756 841 2808; x_wconf 89' lang='lat' dir='ltr'>est.</span> <span class='ocrx_word' id='word_1_261' title='bbox 862 2753 983 2809; x_wconf 84' lang='lat' dir='ltr'>Constat</span> <span class='ocrx_word' id='word_1_262' title='bbox 1006 2754 1111 2810; x_wconf 85' lang='lat' dir='ltr'>tonicis</span> 
     </span>
     <span class='ocr_line' id='line_1_34' title="bbox 93 2824 1113 2907; baseline 0.001 -29"><span class='ocrx_word' id='word_1_263' title='bbox 93 2825 203 2879; x_wconf 86' lang='lat' dir='ltr'>duabus</span> <span class='ocrx_word' id='word_1_264' title='bbox 230 2825 413 2907; x_wconf 70' lang='lat' dir='ltr'>firmissimus.</span> <span class='ocrx_word' id='word_1_265' title='bbox 439 2825 562 2880; x_wconf 83' lang='lat' dir='ltr'>exterior</span> <span class='ocrx_word' id='word_1_266' title='bbox 583 2842 710 2907; x_wconf 30' lang='lat' dir='ltr'>‘nervosa</span> <span class='ocrx_word' id='word_1_267' title='bbox 737 2824 855 2905; x_wconf 75' lang='lat' dir='ltr'>interior</span> <span class='ocrx_word' id='word_1_268' title='bbox 881 2841 1011 2907; x_wconf 75' lang='lat' dir='ltr'>carnosa.</span> <span class='ocrx_word' id='word_1_269' title='bbox 1041 2825 1113 2907; x_wconf 78' lang='lat' dir='ltr'>haec</span> 
     </span>
     <span class='ocr_line' id='line_1_35' title="bbox 92 2895 1113 3048; baseline 0.004 -30"><span class='ocrx_word' id='word_1_270' title='bbox 92 2895 1113 3048; x_wconf 50' lang='lat' dir='ltr'>urcerretstetten.retu-..tersurus</span> 
     </span>
     <span class='ocr_line' id='line_1_36' title="bbox 93 3037 475 3107; baseline 0.008 -19"><span class='ocrx_word' id='word_1_271' title='bbox 93 3051 222 3091; x_wconf 84' lang='lat' dir='ltr'>venencr</span> <span class='ocrx_word' id='word_1_272' title='bbox 239 3055 306 3091; x_wconf 87' lang='lat' dir='ltr'>usus</span> <span class='ocrx_word' id='word_1_273' title='bbox 324 3037 475 3107; x_wconf 81' lang='lat' dir='ltr'>perficitur.</span> 
     </span>
    </p>
   </div>
   <div class='ocr_carea' id='block_1_8' title="bbox 74 3115 1131 3557">
    <p class='ocr_par' dir='ltr' id='par_1_10' title="bbox 74 3115 1131 3557">
     <span class='ocr_line' id='line_1_37' title="bbox 164 3115 1115 3186; baseline 0.005 -18"><span class='ocrx_word' id='word_1_274' title='bbox 164 3119 219 3184; x_wconf 84' lang='lat'><em>(18)</em></span> <span class='ocrx_word' id='word_1_275' title='bbox 239 3116 330 3182; x_wconf 84' lang='lat' dir='ltr'>Quam</span> <span class='ocrx_word' id='word_1_276' title='bbox 348 3135 411 3171; x_wconf 90' lang='lat' dir='ltr'>cum</span> <span class='ocrx_word' id='word_1_277' title='bbox 430 3116 554 3186; x_wconf 87' lang='lat' dir='ltr'>concipit</span> <span class='ocrx_word' id='word_1_278' title='bbox 571 3120 704 3171; x_wconf 88' lang='lat' dir='ltr'>naturam</span> <span class='ocrx_word' id='word_1_279' title='bbox 722 3116 851 3172; x_wconf 84' lang='lat' dir='ltr'>volentes</span> <span class='ocrx_word' id='word_1_280' title='bbox 870 3115 1049 3170; x_wconf 87' lang='lat' dir='ltr'>inucrissimi</span> <span class='ocrx_word' id='word_1_281' title='bbox 1071 3117 1115 3173; x_wconf 86' lang='lat' dir='ltr'>Nc</span> 
     </span>
     <span class='ocr_line' id='line_1_38' title="bbox 92 3181 1115 3258; baseline 0.007 -23"><span class='ocrx_word' id='word_1_282' title='bbox 92 3181 124 3235; x_wconf 89' lang='lat' dir='ltr'>in</span> <span class='ocrx_word' id='word_1_283' title='bbox 141 3184 307 3240; x_wconf 87' lang='lat' dir='ltr'>mulieribus</span> <span class='ocrx_word' id='word_1_284' title='bbox 328 3186 472 3258; x_wconf 88' lang='lat' dir='ltr'>sanguine.</span> <span class='ocrx_word' id='word_1_285' title='bbox 501 3187 630 3255; x_wconf 83' lang='lat' dir='ltr'>quamvis</span> <span class='ocrx_word' id='word_1_286' title='bbox 649 3190 679 3243; x_wconf 91' lang='lat' dir='ltr'>et</span> <span class='ocrx_word' id='word_1_287' title='bbox 702 3187 764 3258; x_wconf 93' lang='lat' dir='ltr'>ipse</span> <span class='ocrx_word' id='word_1_288' title='bbox 790 3203 886 3241; x_wconf 90' lang='lat' dir='ltr'>semen</span> <span class='ocrx_word' id='word_1_289' title='bbox 904 3186 1043 3256; x_wconf 89' lang='lat' dir='ltr'>sanguini</span> <span class='ocrx_word' id='word_1_290' title='bbox 1063 3192 1115 3242; x_wconf 86' lang='lat' dir='ltr'>est.</span> 
     </span>
     <span class='ocr_line' id='line_1_39' title="bbox 92 3251 1116 3328; baseline 0.005 -21"><span class='ocrx_word' id='word_1_291' title='bbox 92 3251 173 3308; x_wconf 90' lang='lat' dir='ltr'>Unde</span> <span class='ocrx_word' id='word_1_292' title='bbox 202 3258 231 3310; x_wconf 94' lang='lat' dir='ltr'>et</span> <span class='ocrx_word' id='word_1_293' title='bbox 256 3257 378 3312; x_wconf 83' lang='lat' dir='ltr'>maiores</span> <span class='ocrx_word' id='word_1_294' title='bbox 406 3261 517 3313; x_wconf 88' lang='lat' dir='ltr'>nostros</span> <span class='ocrx_word' id='word_1_295' title='bbox 541 3258 615 3328; x_wconf 90' lang='lat' dir='ltr'>&lt;hoc</span> <span class='ocrx_word' id='word_1_296' title='bbox 638 3261 711 3314; x_wconf 80' lang='lat' dir='ltr'>inter</span> <span class='ocrx_word' id='word_1_297' title='bbox 739 3261 788 3313; x_wconf 78' lang='lat' dir='ltr'>lin.</span> <span class='ocrx_word' id='word_1_298' title='bbox 817 3260 868 3328; x_wconf 80' lang='lat' dir='ltr'>ips.</span> <span class='ocrx_word' id='word_1_299' title='bbox 892 3259 980 3326; x_wconf 81' lang='lat' dir='ltr'>add.)</span> <span class='ocrx_word' id='word_1_300' title='bbox 1003 3259 1116 3328; x_wconf 86' lang='lat' dir='ltr'>priores</span> 
     </span>
     <span class='ocr_line' id='line_1_40' title="bbox 87 3329 1115 3403; baseline 0.001 -19"><span class='ocrx_word' id='word_1_301' title='bbox 87 3330 239 3403; x_wconf 84' lang='lat' dir='ltr'>cognatos.</span> <span class='ocrx_word' id='word_1_302' title='bbox 260 3329 472 3403; x_wconf 79' lang='lat' dir='ltr'>consanguinee</span> <span class='ocrx_word' id='word_1_303' title='bbox 488 3332 671 3384; x_wconf 58' lang='lat' dir='ltr'>rocaverunt.</span> <span class='ocrx_word' id='word_1_304' title='bbox 689 3330 772 3383; x_wconf 70' lang='lat' dir='ltr'>Unde</span> <span class='ocrx_word' id='word_1_305' title='bbox 796 3346 906 3383; x_wconf 87' lang='lat' dir='ltr'>sumum</span> <span class='ocrx_word' id='word_1_306' title='bbox 925 3330 1036 3385; x_wconf 85' lang='lat' dir='ltr'>auctor.</span> <span class='ocrx_word' id='word_1_307' title='bbox 1062 3331 1115 3385; x_wconf 90' lang='lat' dir='ltr'>hoc</span> 
     </span>
     <span class='ocr_line' id='line_1_41' title="bbox 82 3397 1116 3477; baseline -0.002 -16"><span class='ocrx_word' id='word_1_308' title='bbox 82 3407 129 3462; x_wconf 89' lang='lat' dir='ltr'>est</span> <span class='ocrx_word' id='word_1_309' title='bbox 159 3405 342 3464; x_wconf 90' lang='lat' dir='ltr'>humerus.</span> <span class='ocrx_word' id='word_1_310' title='bbox 369 3403 452 3477; x_wconf 81' lang='lat' dir='ltr'>greci</span> <span class='ocrx_word' id='word_1_311' title='bbox 470 3399 572 3455; x_wconf 82' lang='lat' dir='ltr'>latim.</span> <span class='ocrx_word' id='word_1_312' title='bbox 588 3398 649 3451; x_wconf 78' lang='lat' dir='ltr'>lnoc</span> <span class='ocrx_word' id='word_1_313' title='bbox 674 3397 727 3448; x_wconf 70' lang='lat' dir='ltr'>dit.</span> <span class='ocrx_word' id='word_1_314' title='bbox 744 3397 828 3446; x_wconf 59' lang='lat' dir='ltr'>uam</span> <span class='ocrx_word' id='word_1_315' title='bbox 844 3398 979 3471; x_wconf 55' lang='lat' dir='ltr'>diomede</span> <span class='ocrx_word' id='word_1_316' title='bbox 1004 3401 1116 3456; x_wconf 80' lang='lat' dir='ltr'>semine</span> 
     </span>
     <span class='ocr_line' id='line_1_42' title="bbox 74 3461 1131 3557; baseline -0.006 -41"><span class='ocrx_word' id='word_1_317' title='bbox 74 3477 107 3536; x_wconf 70' lang='lat' dir='ltr'>jd</span> <span class='ocrx_word' id='word_1_318' title='bbox 129 3486 179 3543; x_wconf 63' lang='lat' dir='ltr'>est</span> <span class='ocrx_word' id='word_1_319' title='bbox 205 3479 409 3557; x_wconf 53' lang='lat' dir='ltr'>sanguinum,</span> <span class='ocrx_word' id='word_1_320' title='bbox 439 3473 497 3531; x_wconf 47' lang='lat' dir='ltr'>gad</span> <span class='ocrx_word' id='word_1_321' title='bbox 514 3487 584 3525; x_wconf 75' lang='lat' dir='ltr'>cnm</span> <span class='ocrx_word' id='word_1_322' title='bbox 600 3467 641 3520; x_wconf 57' lang='grc' dir='ltr'>εἰ),</span> <span class='ocrx_word' id='word_1_323' title='bbox 658 3462 816 3516; x_wconf 55' lang='lat' dir='ltr'>cauditum</span> <span class='ocrx_word' id='word_1_324' title='bbox 833 3461 913 3509; x_wconf 57' lang='lat' dir='ltr'>aemon</span> <span class='ocrx_word' id='word_1_325' title='bbox 926 3464 1040 3509; x_wconf 61' lang='lat' dir='ltr'>tamone</span> <span class='ocrx_word' id='word_1_326' title='bbox 1058 3469 1131 3516; x_wconf 40' lang='lat' dir='ltr'>olda„</span> 
     </span>
    </p>
   </div>
   <div class='ocr_carea' id='block_1_9' title="bbox 70 3521 1139 3619">
    <p class='ocr_par' dir='ltr' id='par_1_11' title="bbox 70 3521 1139 3619">
     <span class='ocr_line' id='line_1_43' title="bbox 70 3521 1139 3619; baseline -0.013 -33"><span class='ocrx_word' id='word_1_327' title='bbox 70 3557 126 3615; x_wconf 59' lang='lat' dir='ltr'>wd</span> <span class='ocrx_word' id='word_1_328' title='bbox 155 3559 244 3619; x_wconf 60' lang='lat' dir='ltr'><strong>sicut</strong></span> <span class='ocrx_word' id='word_1_329' title='bbox 270 3569 363 3615; x_wconf 60' lang='lat' dir='ltr'>mm</span> <span class='ocrx_word' id='word_1_330' title='bbox 389 3549 435 3607; x_wconf 59' lang='lat' dir='ltr'>ab</span> <span class='ocrx_word' id='word_1_331' title='bbox 459 3541 591 3603; x_wconf 51' lang='lat' dir='ltr'>affinem</span> <span class='ocrx_word' id='word_1_332' title='bbox 609 3535 672 3588; x_wconf 81' lang='lat' dir='ltr'>lnoo</span> <span class='ocrx_word' id='word_1_333' title='bbox 691 3532 810 3593; x_wconf 69' lang='lat' dir='ltr'>tempus</span> <span class='ocrx_word' id='word_1_334' title='bbox 827 3523 926 3573; x_wconf 61' lang='lat' dir='ltr'>rumor.</span> <span class='ocrx_word' id='word_1_335' title='bbox 940 3521 997 3570; x_wconf 52' lang='lat' dir='ltr'>aot</span> <span class='ocrx_word' id='word_1_336' title='bbox 1013 3526 1139 3579; x_wconf 55' lang='lat' dir='ltr'>upum*</span> 
     </span>
    </p>
   </div>
   <div class='ocr_carea' id='block_1_10' title="bbox 0 0 1170 3864">
    <p class='ocr_par' dir='ltr' id='par_1_12' title="bbox 0 0 1170 3864">
     <span class='ocr_line' id='line_1_44' title="bbox 0 0 1170 3864; baseline 0 0"><span class='ocrx_word' id='word_1_337' title='bbox 0 0 1170 3864; x_wconf 95' lang='lat' dir='ltr'> </span> 
     </span>
    </p>
   </div>
  </div>
 </body>
</html>
