2310 3864
501 172 690 226 omnnem,
1025 169 1091 235 439

108 334 163 400 (10)
177 329 277 384 Pulmo
296 332 393 384 autem
457 332 512 400 (10)
532 329 628 398 pulmo
648 331 743 383 autem
805 331 860 397 (10)
870 328 965 396 pulmo
980 344 1046 382 vero
1060 328 1092 382 in

72 401 102 454 in
115 400 323 455 modumfabri.
338 400 393 454 fer·
421 399 576 454 inmodum
585 399 674 453 fabris
688 400 742 453 fer·
770 398 885 453 modum
896 397 971 452 fabri
980 398 1091 452 ferrarii

72 471 155 525 raria.
165 470 242 524 follis
250 474 300 525 est.
307 470 391 525 alter·
420 469 513 524 ran'ae
528 469 605 524 follis
624 472 668 524 cst
686 469 742 540 spi·
769 468 847 523 follis
859 471 903 523 est
912 468 1089 524 constitutus.

72 541 178 596 alteris.
195 541 326 610 spiritum
335 544 392 595 tra·
420 540 507 594 ritum
530 543 625 594 traens
645 542 674 594 et
693 541 742 595 ad·
770 537 942 593 alteralteri
961 539 1091 608 spiritum

73 612 122 666 det
142 611 280 681 adimplet
297 615 392 681 pecto·
420 610 541 680 implens
558 611 682 680 pectoris
700 610 742 666 lo·
769 609 892 664 tradens.
925 610 955 663 et
990 608 1091 678 implet

71 699 115 736 res
130 682 230 738 locum.
247 682 322 736 Nam
336 685 393 736 sto·
421 698 492 736 cum.
503 683 532 736 et
540 699 651 735 rursum
660 682 741 736 emit
767 679 1091 749 pectorisarchanaisto-

71 752 188 806 machus
210 752 303 807 ventri
328 769 393 806 con·
420 754 483 806 tens
516 752 647 831 spiritum
681 753 741 807 sive
768 750 884 804 machus
895 749 1090 804 autemventri

71 823 184 877 iunctus
199 826 249 877 est.
264 823 339 876 Nam
350 823 392 876 in-
420 822 526 877 flatum.
769 820 934 875 coniunctus
962 823 1013 875 est.
1040 820 1090 888 qui

71 897 115 948 ter
130 895 200 948 duas
214 892 316 963 pinnas
330 893 392 963 pul·
767 890 842 945 iuter
867 891 962 961 spinas
981 891 1089 959 pulmo-

41 1024 44 1030 ·
72 964 162 1018 monis
202 964 233 1017 in
268 964 393 1018 medium
767 980 835 1015 num
845 961 940 1016 medio
953 962 1087 1031 possidet.

70 1035 195 1104 positum
214 1037 257 1088 cst
276 1051 330 1089 cor.

107 1210 393 1281 (11)Oorautemnos-
803 1210 1088 1332 {mcorvcrovenas

71 1284 122 1334 ter.
137 1297 224 1334 venas
234 1281 322 1334 habet
332 1281 391 1335 llll.
767 1278 805 1332 ha
826 1280 1006 1346 etquattuor.
1018 1279 1087 1332 duas

70 1351 147 1403 Duas
181 1350 326 1419 spiritalis.
364 1353 393 1405 et
768 1365 829 1417 quae
849 1349 980 1419 spiritum
999 1349 1088 1404 conti·

71 1421 141 1473 duas
147 1419 393 1489 sanguinalisQue
765 1422 842 1474 nent.
861 1419 988 1489 pulmoni
1004 1420 1087 1474 affixe

72 1489 209 1558 spiritalis
220 1492 286 1544 sunt
297 1495 392 1546 conte·
767 1493 840 1545 sunt.
868 1507 988 1559 quarum
1010 1491 1088 1545 facta

70 1563 139 1614 nent
152 1561 392 1628 pulmonem.Que
767 1561 1007 1616 concatenatione.
1044 1564 1087 1615 to-

72 1631 393 1702 sanguinalisiccorper
765 1634 827 1685 tum
845 1648 945 1701 corpus
971 1632 1087 1701 sanguis

71 1718 127 1770 qua
161 1704 300 1756 statutum
332 1720 391 1758 cor·
766 1701 941 1757 diffunditur.
981 1704 1011 1756 et
1047 1702 1088 1756 sic

70 1790 122 1841 pus
132 1772 210 1827 facta
224 1776 391 1828 concatena-
764 1787 836 1827 vene
874 1772 989 1842 pulsum
1024 1773 1087 1826 red-

69 1843 157 1898 cione.
191 1844 306 1913 sanguis
343 1845 391 1899 de·
766 1843 844 1897 dunt.
864 1843 961 1912 pulsus
975 1842 1018 1897 ita
1035 1861 1087 1896 nu·

68 1913 209 1969 fundetur.
238 1914 284 1968 Sic
316 1915 391 1969 enim
764 1912 850 1966 tritur
876 1914 960 1967 modo
985 1912 1087 1983 recipit

68 1984 166 2053 pulsus
173 1984 283 2040 redunt.
291 1985 390 2054 pulsus
553 2050 555 2054 λ
765 1983 931 2052 sanguinem
949 1999 1027 2038 vene

69 2057 165 2108 autern
191 2055 298 2110 nutriet
324 2057 391 2110 dum

69 2125 153 2178 modo
167 2125 308 2195 recipiunt
327 2143 390 2180 san·

68 2194 191 2319 lguipem.
206 2197 290 2250 modo
299 2197 395 2267 repelg

79 2282 139 2319 un.

69 2405 122 2459 Cor
132 2422 198 2476 ergo
208 2406 336 2462 iunctum
346 2411 389 2463 est
422 2422 470 2460 cor
483 2421 549 2475 ergo
563 2406 596 2458 ut
614 2402 735 2458 diximus
763 2403 868 2459 idcirco
891 2405 1016 2475 positum
1042 2410 1085 2462 est

67 2476 208 2545 pulmone.
226 2478 281 2532 Sed
299 2479 330 2532 in
347 2497 389 2534 se·
416 2476 545 2530 iunctum
563 2479 607 2531 est
626 2474 735 2545 pulmo·
763 2476 840 2545 quod
856 2476 934 2546 greci
950 2477 1011 2546 peri
1025 2494 1085 2531 car-

67 2551 167 2602 nextra
194 2551 275 2618 parte
308 2550 389 2604 incli-
417 2546 501 2601 nibus
517 2547 606 2602 sediu
620 2545 736 2600 sinistra
764 2546 952 2604 dianvocant.
969 2548 1084 2619 cingam

66 2620 166 2672 natum
189 2622 240 2673 est.
269 2621 321 2674 sub
346 2638 388 2676 se·
415 2621 497 2688 parte
507 2617 735 2672 inclinatumsub
763 2620 902 2672 extremas
915 2620 1085 2689 partespul·

67 2690 317 2745 nextramamella.
333 2692 389 2746 Sed
416 2688 736 2744 sinistramamillaarca
761 2689 839 2744 moni

67 2758 142 2812 circa
169 2775 233 2813 eum
263 2762 389 2830 positum
415 2759 659 2830 positaest.quod
671 2775 735 2829 grc-

68 2829 144 2895 quod
167 2830 251 2898 greci.
277 2848 388 2899 precor·
416 2830 443 2884 ci
479 2829 656 2899 precordiam
686 2845 735 2884 vo-

68 2898 263 2954 diamvooant.
272 2901 387 2971 cingens
416 2903 490 2955 cant.
510 2900 625 2970 cingens
645 2901 735 2953 extre-

68 2970 206 3049 extremas
220 2974 316 3039 partes
324 2972 387 3040 pul·
415 2987 476 3023 mas
483 2968 734 3039 partespulmonis

66 3055 165 3094 moms.

102 3235 157 3302 (12)
171 3233 224 3287 sub
238 3233 282 3286 his
292 3233 387 3303 posita
450 3233 505 3302 (12)
519 3230 666 3302 subposita
682 3234 733 3287 est.
798 3233 853 3301 (12)
861 3231 1008 3301 supposita
1017 3236 1083 3287 sunt

67 3303 387 3373 suntprecordia.quem
413 3300 561 3372 precordia
608 3301 734 3357 continet
761 3302 909 3371 precordia
932 3321 986 3375 que
1005 3303 1083 3373 greci

66 3389 148 3441 grece
168 3374 317 3428 diafraima
337 3391 386 3429 vo·
412 3372 554 3454 pulmonis
568 3376 598 3427 et
607 3389 655 3427 cor
669 3374 734 3428 sub·
762 3373 941 3444 diafragman
969 3377 1081 3428 vocant.

66 3446 133 3497 cant
151 3446 302 3499 contenent
324 3445 386 3514 pul·
413 3446 490 3498 iacet
513 3442 561 3498 eis.
581 3446 680 3498 venter
704 3447 734 3500 et
760 3443 887 3498 continet
920 3443 1082 3513 pulmonem

168 3533 285 3603 rum)
519 3532 624 3603 ruff)
880 3532 965 3595 ηας
