2288 3878
80 154 145 220 320
412 153 756 207 resono-ruaonosu

267 312 315 368 Ad
327 313 371 379 II,
384 315 422 367 23
437 315 498 381 (67)
517 311 564 367 De
583 310 749 381 empyiois
767 313 817 377 (ad
834 313 904 380 fia).

151 401 249 455 Alium
267 400 297 455 in
316 417 391 469 aqua
408 399 453 454 bis
472 402 583 454 coctum
599 416 662 454 cum
675 399 744 455 faba
762 399 862 454 addito
880 400 976 470 melle,
995 402 1098 458 exinde

79 498 162 536 mane
172 484 202 536 et
211 497 272 536 sero
282 480 351 534 bina
360 479 499 534 coclearia
508 479 639 549 accipiat.
654 479 783 549 quamvis
797 480 888 534 malas
903 482 1098 538 excreationes

81 561 135 616 hoc
150 564 240 616 sanat.
258 560 374 630 pineam
387 562 417 614 et
434 559 616 629 tragacanthi
629 560 690 619 ÷1
708 559 739 613 in
752 559 818 614 vino
832 560 923 615 veteri
941 577 1098 632 percoques

55 641 124 696 cita
142 643 174 694 ut
192 641 227 695 de
247 639 357 694 surculo
376 639 489 694 assidue
508 638 613 708 agites,
640 641 670 694 et
690 641 757 709 post
778 639 885 694 adicies
907 640 1018 711 piperis
1037 643 1098 698 triti

83 737 172 790 grana
191 720 220 788 0,
240 723 269 774 et
287 719 382 790 spicae
400 718 483 772 nardi
502 718 576 788 scrip
590 719 623 773 Π.
644 719 761 774 storacis
781 719 855 790 scrip
866 720 894 774 V
912 720 943 775 in
961 723 1099 778 mortario

81 817 169 870 pones
198 802 227 854 et
256 800 290 853 de
317 798 384 853 vino
411 797 522 852 modice
554 798 665 867 mittes,
694 802 724 854 et
746 803 873 855 conteres
902 803 1045 857 storacem
1068 807 1100 858 ut

83 897 112 935 se
132 879 325 946 commisceat,
349 881 379 933 et
400 878 497 932 mittes
521 895 594 946 quae
618 878 728 934 coxisti.
757 879 863 934 adicies
881 880 976 935 mellis
996 883 1099 953 despu-

82 960 154 1015 mati
172 957 353 1013 acetabulum
371 961 400 1012 et
419 959 511 1012 denuo
529 959 667 1026 decoquas
686 961 719 1013 ut
741 960 792 1014 fiat
814 959 906 1014 mellis
928 962 1098 1033 crassitudo,

42 1053 69 1092 10
83 1041 112 1094 et
130 1039 231 1093 exinde
250 1054 332 1093 mane
352 1041 381 1092 et
400 1055 461 1092 sero
481 1037 620 1092 coclearia
639 1038 752 1108 singula
771 1042 864 1095 sumat
883 1039 943 1095 sive
961 1044 1052 1098 terna.

268 1189 315 1244 Aa
328 1189 371 1256 II,
384 1191 421 1244 25
439 1192 501 1252 (71)
518 1188 564 1243 De
584 1189 805 1245 asthmaticis
826 1192 908 1259 (iia).

152 1268 250 1337 Aliqui
277 1269 355 1323 iecur
381 1268 528 1338 vulpinum
561 1269 671 1323 aridum
699 1287 763 1324 cum
790 1271 856 1325 rino
883 1272 966 1341 potui
999 1273 1098 1329 datum

83 1346 165 1401 unice
183 1348 316 1416 prodesse
336 1348 509 1403 confirmant.
539 1348 579 1402 sic
600 1348 689 1403 herba
706 1349 880 1419 peristereon
897 1350 1016 1422 hyptios
1034 1369 1098 1407 curn

81 1424 148 1478 vino
171 1427 251 1494 potui
275 1428 344 1481 data
367 1427 532 1497 spiramenti
555 1426 762 1497 plenitudinem
784 1433 891 1485 tenuat.
919 1430 991 1486 item
1008 1432 1098 1486 herba

43 1526 69 1566 15
83 1505 286 1574 suprascripta,
311 1507 335 1560 si
359 1524 455 1561 sucum
479 1506 539 1562 eius
564 1524 628 1562 cum
650 1507 734 1563 melle
757 1508 851 1578 bibat,
877 1509 1027 1566 indefensa
1046 1516 1096 1567 est.

84 1584 137 1638 hoc
156 1584 259 1639 vitium
277 1586 395 1640 celerius
414 1586 501 1656 tollis,
521 1587 545 1641 ai
564 1587 617 1642 hac
636 1605 702 1642 usus
721 1589 807 1643 fueris
826 1590 1011 1646 confectione.
1040 1592 1096 1647 ela-

83 1663 148 1718 terii
167 1664 201 1733 i,
226 1665 357 1720 afronitri
375 1671 408 1736 t,
428 1666 535 1737 sinapis
553 1669 586 1725 i.
610 1666 680 1722 trita
703 1669 798 1723 omnia
817 1671 846 1724 et
864 1670 1016 1726 cribellata
1035 1688 1098 1726 cum

84 1763 158 1815 aqua
181 1745 298 1816 colliges
323 1751 351 1802 et
373 1746 509 1801 trociscos
532 1747 633 1816 facies,
657 1749 686 1801 et
708 1763 759 1816 per
784 1747 844 1802 dies
869 1749 996 1820 singulos
1021 1751 1095 1806 dato.

82 1825 152 1881 facit
175 1827 228 1881 hoc
252 1827 289 1881 ad
313 1827 432 1897 anginas
452 1830 481 1881 et
499 1828 536 1881 ad
553 1827 717 1881 subitaneae
736 1826 950 1900 suffocationes,
969 1833 1097 1886 ventrem

43 1926 69 1965 ao
82 1909 194 1978 purgat.
222 1907 326 1962 veretri
354 1906 576 1962 exulcerationes
606 1923 676 1977 quas
708 1905 767 1960 iam
799 1923 899 1962 cancer
926 1910 1007 1964 tenet
1034 1928 1098 1965 cum

83 1986 166 2042 melle
189 1987 353 2056 impositum
376 1989 465 2042 sanat.
494 1990 523 2041 et
544 1984 720 2055 opobalsami
743 1986 883 2043 coclearia
906 1987 1021 2059 singula
1048 2007 1098 2061 per

82 2066 207 2120 triduum
226 2069 351 2136 accepta,
371 2065 508 2135 optimum
527 2065 699 2121 adiutorium
718 2071 768 2123 est.

83 2218 131 2273 Aci
143 2219 190 2285 ΙΙ,
209 2221 247 2272 26
263 2221 328 2286 (76)
352 2217 398 2270 De
422 2215 571 2285 epaticis
592 2219 641 2285 (ad
658 2220 706 2286 fia.
725 2220 759 2287 cf.
778 2235 865 2288 sopra
884 2221 1096 2288 adp.178,3).

154 2298 191 2351 Et
213 2297 257 2351 his
281 2295 430 2351 adiutoriis
455 2295 583 2349 omnibus
611 2298 730 2367 epaticis
761 2298 880 2353 multum
905 2299 964 2353 scio
993 2300 1095 2355 salutis

44 2383 70 2424 25
84 2376 204 2430 restitui.
233 2376 337 2430 herbae
361 2374 524 2443 hyoscyami
548 2391 630 2429 sucus
654 2378 737 2431 datus
760 2377 842 2432 unice
866 2380 957 2433 sanat.
986 2382 1098 2433 nastur-

83 2455 158 2509 cium
176 2455 265 2508 herba
283 2455 361 2509 edita
379 2454 482 2508 mirum
500 2457 551 2508 est.
583 2453 653 2509 item
676 2456 781 2511 herbae
803 2456 942 2526 paeoniae
960 2458 1030 2527 511,
1051 2476 1098 2527 cy-

83 2533 144 2603 peri
166 2535 214 2597 31
238 2551 301 2587 cum
329 2550 403 2601 equa
431 2533 526 2587 calida
552 2533 643 2603 bibat,
672 2535 777 2605 optime
805 2536 883 2591 facit.
929 2536 999 2591 buxi
1026 2537 1098 2593 folia

83 2613 238 2668 contundes
266 2629 417 2681 sucumque
440 2629 491 2682 per
513 2613 632 2669 linteum
660 2615 811 2685 exprimes,
840 2618 869 2670 at
891 2633 942 2685 per
971 2617 1099 2672 triduum

83 2693 172 2748 bibat.
192 2691 329 2746 masticen
343 2696 417 2747 teres
432 2695 461 2746 et
479 2710 575 2749 cernes
590 2696 619 2749 et
633 2713 697 2749 cum
711 2712 777 2750 suco
792 2696 935 2752 brassicae
950 2697 1096 2770 ingenuei

157 2922 171 2969 l
191 2917 283 2971 ecdem
294 2919 365 2984 (coos
380 2915 522 2972 Prisciani
535 2919 668 2986 capitulo)
684 2919 812 2988 lepwotar
825 2920 863 2973 ad
879 2918 941 2978 Gal.
958 2920 1004 2974 lot.
1021 2921 1038 2974 l.
1044 2921 1102 2973 III

85 2988 142 3042 coci,
162 2987 240 3042 Leid.
260 3005 281 3043 c.
297 2991 340 3042 55.
413 2992 431 3040 4
450 2988 628 3058 dregagantu
648 2990 671 3043 b.
690 2990 739 3043 hoc
757 2989 828 3043 idem
846 2991 993 3045 remedium
1011 3007 1098 3060 capro

81 3065 210 3127 posucrat
228 3061 266 3114 ad
284 3060 327 3126 II,
342 3063 386 3115 62.
475 3059 559 3131 bpip
577 3059 648 3113 tritu
667 3061 689 3114 b.
782 3060 898 3129 iponis
917 3063 941 3116 b.
1032 3078 1098 3115 oon-

84 3128 152 3182 teris
168 3131 190 3184 b.
247 3129 406 3186 8mittisb.
452 3130 508 3184 mel
527 3131 695 3200 despumati
709 3129 791 3184 accit.
807 3132 830 3185 b.
893 3137 926 3185 13
940 3131 1098 3202 peristeron

84 3217 534 3288 hyptionb(cf.Dlosc.4,61).
591 3225 624 3273 15
643 3207 671 3272 r‘l
683 3221 707 3274 u.
768 3218 804 3274 si:
824 3222 854 3273 ec
872 3222 895 3275 a.
968 3221 1097 3275 mesenas

86 3291 148 3358 (sic)
169 3291 192 3344 b.
258 3295 290 3342 16
309 3288 442 3344 Electerii
462 3292 475 3345 ἓ
495 3293 518 3346 b.
575 3296 607 3344 19
627 3306 751 3358 angcnas
770 3292 793 3345 b.
849 3306 915 3345 vere
934 3309 979 3345 cru
998 3290 1094 3363 exulcl

85 3365 277 3432 exercitione
298 3380 321 3434 b,
377 3384 411 3432 20
429 3365 451 3447 ii
470 3381 575 3448 (quam)
594 3381 617 3433 b.
680 3383 713 3430 22
734 3381 861 3448 acceptu.
881 3378 990 3448 aptimir
1006 3423 1012 3434 .
1028 3423 1033 3434 .
1051 3423 1056 3434 .
1073 3381 1095 3434 b.

85 3455 119 3503 25
139 3454 206 3505 suci
226 3449 338 3505 octub.
411 3455 445 3501 26
464 3449 552 3504 herba
571 3449 649 3523 edita
668 3450 691 3503 b.
764 3454 798 3502 27
817 3449 874 3504 bib.
895 3452 918 3505 b.
979 3455 1013 3505 28
1033 3467 1097 3506 eon-

77 3519 160 3579 tund'
179 3524 203 3583 b.
280 3519 412 3594 exprimis
427 3522 451 3577 b.
535 3525 569 3574 29
588 3519 705 3575 mastiee
725 3521 748 3576 b.
821 3519 940 3590 ingenus
958 3524 961 3592 Ι
977 3519 1052 3577 mal’.
1073 3523 1096 3578 b.

629 3808 747 3824 ᾧ
