2288 3878
45 137 109 203 192
362 140 553 194 ansonem
570 140 752 195 furscum

43 311 202 365 remaneat.
248 309 298 367 cui
316 314 431 385 partem
454 304 550 365 mellis
573 304 712 367 similiter
734 309 918 389 miscemus,
939 318 972 371 et
993 328 1053 372 oon·

44 393 170 474 llcimus,
194 403 223 455 et
246 397 367 455 utimur.

1 474 33 539 >2
132 483 240 561 quibus
259 502 328 543 vero
344 483 479 561 llegrnate
494 489 704 563 supernatante
723 483 903 563 frequenter
921 494 1053 548 acescunt

44 570 117 650 cibi,
140 571 187 632 his
210 571 349 633 bubulam
373 571 438 631 dari
464 571 574 632 suadeo
598 579 628 632 et
651 579 751 633 cetera
777 575 912 651 agrestia
940 592 1054 636 carnosa

17 659 190 720 osimiliter.
239 668 307 740 post
336 678 410 740 quae
434 662 574 720 continuo
604 661 681 721 aceti
707 676 802 721 unum
829 661 968 724 cocleare
999 663 1053 724 dari

45 751 190 808 convenit.
237 767 341 809 omnes
364 750 565 808 amarissimae
588 766 625 808 ex
648 747 797 808 absinthio
821 750 990 830 expediunt
1010 769 1052 831 po

44 838 151 918 tiones,
174 845 207 898 ut
229 845 276 898 est
299 837 379 897 haec.
425 838 538 916 piperis
562 843 592 896 et
615 839 695 897 aneti
723 840 896 899 semuncias
920 839 1052 919 singulas,

45 927 154 1003 cymini
177 929 236 987 unc
250 925 310 985 llll.
333 933 420 985 tunsa
444 932 474 984 et
496 922 648 985 cribellata
670 926 860 1007 reponimus,
890 934 923 988 et
946 946 984 989 ex
1006 928 1052 988 hoo

44 1012 166 1091 pulvere
198 1033 291 1076 unum
323 1013 454 1074 cocleare
493 1031 560 1101 eum
593 1031 668 1093 aqua
699 1012 793 1073 calida
827 1016 916 1093 potui
949 1016 1052 1077 manus.
1088 1066 1091 1077 .

6 1114 33 1154 1⁰
45 1120 112 1161 cum
139 1103 297 1164 humanius
325 1103 356 1162 hi
383 1102 576 1181 profecerint,
605 1101 680 1162 dabo
703 1104 820 1182 pioran,
849 1105 1005 1166 exercitiis
1028 1112 1053 1164 et

45 1191 258 1267 gestationibus
278 1189 514 1271 competentibus
533 1189 703 1270 imminebo,
721 1190 941 1274 fricationihus,
956 1193 1053 1273 dropa-

45 1277 143 1358 cihus,
175 1283 349 1359 sinapismo,
382 1277 490 1358 quibus
523 1278 691 1339 stomachus
724 1279 894 1341 siccatusa
923 1280 1053 1361 flegmate

47 1363 168 1426 liberari
191 1371 292 1447 possit.

3 1447 36 1510 33
133 1455 241 1531 quibus
265 1453 361 1515 calore
385 1455 477 1514 nimio
501 1455 697 1535 inquietatur,
724 1461 757 1516 ut
782 1453 857 1515 haec
886 1457 994 1518 eadem
1014 1460 1054 1519 in·

7 1551 32 1591 1⁵
46 1540 204 1602 flammatio
228 1542 371 1603 stomachi
395 1543 484 1602 etiam
502 1550 532 1602 et
550 1544 738 1621 superficiem
757 1542 844 1603 faeiat
862 1543 932 1622 plus
954 1546 1055 1625 calere

45 1636 79 1690 ut
102 1631 190 1690 otiam
219 1631 367 1692 choleram
394 1631 567 1708 frequenter
590 1633 738 1712 emittant,
764 1631 812 1691 his
839 1630 898 1693 hoc
925 1635 1056 1695 remedio

46 1720 279 1780 succurrendum
307 1728 360 1780 est
406 1721 545 1779 mastices
572 1721 632 1779 unc
650 1719 689 1799 ll,
716 1727 800 1780 rutae
829 1721 928 1781 siccae
957 1722 1017 1784 unc
1038 1722 1056 1782 l.

45 1815 133 1870 teres.
169 1809 285 1889 pulveri
303 1816 336 1870 ut
353 1810 474 1869 trocisci
497 1809 569 1868 fiant
591 1807 755 1887 arnoglossi
779 1825 885 1868 sucum
908 1809 1056 1872 admisceo

46 1907 75 1961 et
98 1918 149 1960 eos
173 1901 203 1959 iu
231 1897 356 1977 singulis
384 1897 531 1957 drachmis
559 1914 645 1977 paro,
667 1904 705 1957 ut
728 1915 764 1957 ex
792 1896 839 1956 his
867 1915 964 1959 unum
992 1917 1057 1961 cum

6 1995 32 2035 ²0
46 2007 121 2067 aqua
145 1987 238 2048 calida
262 1989 415 2066 accipiant.

117 2165 131 2213 1
151 2157 312 2213 miscemus:
332 2154 470 2209 mittimus
484 2154 562 2209 ΝΒ
574 2154 631 2209 oea.
691 2153 856 2223 aflegmata
875 2153 1009 2223 (fasmate
1021 2159 1057 2226 Υ)
1090 2200 1097 2215 ,

46 2232 230 2301 supernatant
247 2227 409 2298 (-natante
423 2228 447 2295 a)
461 2225 552 2280 rVB:
571 2224 674 2295 flegma
693 2227 859 2294 supernatet
872 2228 902 2279 et
919 2227 934 2281 o
951 2227 1059 2298 (phleg-

45 2303 122 2356 mate
141 2301 341 2383 supernatante
361 2298 438 2365 oet).
531 2298 665 2349 acescunt
682 2296 795 2351 rVBb:
814 2295 982 2352 inacescant
1001 2299 1057 2354 Gel.

45 2379 62 2425 4
79 2379 141 2442 post
159 2372 217 2427 cabi
233 2389 285 2442 seq.
304 2370 397 2427 alieno
415 2369 447 2421 ia
461 2368 476 2421 b
490 2368 553 2436 (per
569 2384 661 2422 versos
676 2369 712 2435 o').
786 2367 815 2419 et
832 2369 941 2421 ceteras
962 2384 1058 2424 carnea

46 2445 172 2511 agrestes
187 2444 211 2500 h.
284 2438 456 2495 ooooleare:
474 2440 514 2493 sic
531 2438 607 2492 ΝΒ
619 2438 677 2494 oet.
751 2438 848 2490 titunc
862 2440 938 2506 (post
952 2443 1059 2510 omnes)

45 2514 108 2567 aaa.
130 2512 187 2567 Gal.
245 2511 340 2566 omnia
358 2508 535 2564 amarissima
552 2526 574 2564 r.
650 2514 664 2562 7
684 2508 792 2562 uterest
809 2507 880 2561 haec
904 2508 934 2577 V,
954 2509 1059 2565 Iterum

45 2582 116 2637 haec
130 2583 157 2635 Β
171 2585 227 2652 (rt)
246 2583 298 2653 (sio
315 2600 353 2654 pp
368 2580 436 2639 -:-1.
457 2579 534 2633 aneti
553 2578 619 2634 S...
635 2581 670 2648 b),
688 2595 754 2632 nam
773 2578 802 2633 et
819 2577 925 2648 piperis
981 2582 1060 2651 Get),

47 2659 63 2707 8
82 2665 117 2713 ÷
136 2653 183 2708 111.
197 2672 220 2709 r.
328 2654 413 2707 tunsa
431 2652 460 2704 et
479 2649 639 2705 cribellata:
658 2651 698 2704 sie
715 2649 789 2703 rVB
797 2649 854 2705 Gal.
870 2650 930 2717 (ora.
952 2652 987 2720 b).

46 2732 62 2779 9
81 2724 250 2779 coclearium
267 2724 390 2790 rVGel.,
410 2719 535 2776 cocleare
553 2722 589 2776 B.
664 2725 697 2773 10
715 2718 746 2772 hi
760 2718 800 2789 (in
814 2720 850 2789 V)
870 2720 935 2790 VB,
954 2720 1023 2777 hino
1037 2741 1060 2791 r,

45 2796 97 2850 heo
111 2797 152 2865 (li)
171 2797 194 2852 h.
280 2795 378 2876 picran
397 2792 469 2849 oea:
487 2791 615 2862 piohrnm
638 2791 670 2860 V,
688 2789 800 2860 pigram
817 2790 890 2845 er.
974 2800 1006 2847 12
1026 2810 1061 2849 ex

46 2866 148 2935 quibus
167 2868 191 2921 b.
265 2867 386 2920 siccatus
406 2862 501 2930 lailot,
522 2861 643 2918 siccatus
662 2863 705 2915 est
722 2880 752 2917 r:
772 2878 822 2916 om.
848 2861 921 2942 ΥΒ..
970 2869 1004 2917 14
1018 2863 1061 2917 in·

45 2936 221 3004 quietabitur
237 2955 260 2992 r.
378 2938 411 2988 15
434 2935 610 2987 stomachum
633 2931 719 2987 etiam
742 2933 771 2986 et
794 2931 970 3001 superlic1em
993 2935 1060 3002 VB,

46 3007 222 3061 stomachum
241 3006 328 3062 etiam
346 3004 376 3059 in
395 3003 540 3073 superficie
558 3022 585 3072 v,
610 3002 748 3057 stomachi
771 3002 858 3057 etiam
883 3003 1061 3070 superficiem

47 3075 106 3130 aaa.
126 3077 275 3143 (stomachi
292 3077 349 3132 infl.
369 3074 543 3143 superficiem
561 3073 580 3128 f.
599 3072 636 3143 pl.
657 3089 679 3128 o.
699 3076 733 3143 h).
798 3078 830 3126 16
849 3071 963 3127 cholera
981 3075 1061 3130 ΝΒ

46 3144 150 3213 (colora
169 3147 203 3215 b).
296 3152 328 3201 17
347 3143 472 3199 masticis
491 3144 568 3199 ΝΒ
586 3143 673 3213 (-tia
687 3144 720 3213 b).
797 3150 828 3198 18
847 3146 927 3198 teres.
946 3143 1060 3214 pulveri

46 3215 90 3283 (ef.
109 3219 237 3285 2,1oo):
261 3216 442 3284 erupulauest
464 3215 496 3283 V,
521 3213 677 3283 eurupulau
740 3214 759 3268 I.
777 3215 805 3268 Β
824 3218 929 3283 (eorum
947 3214 1061 3284 pulveri

46 3286 122 3355 Gal).
251 3291 355 3341 18-20
373 3284 441 3341 teris
461 3301 524 3339 cum
543 3299 608 3338 suco
628 3283 776 3353 arnoglose
795 3285 966 3355 (ameglosso
985 3288 1011 3355 a)
1031 3290 1061 3341 et

46 3355 133 3411 facies
145 3355 232 3426 (-ois
246 3360 271 3427 r)
289 3355 533 3425 trooiscos(a1'1-:-
549 3354 583 3409 Π.
598 3355 625 3424 r)
643 3356 673 3408 et
686 3354 769 3408 dabis
788 3372 851 3410 oum
870 3372 944 3424 aqua
963 3357 1059 3412 calida

45 3429 85 3553 {a
102 3428 138 3483 ab
153 3429 260 3497 (eontra
283 3429 342 3482 ΥΒ
352 3428 430 3498 Get).
502 3423 646 3497 arnoglosi
668 3425 695 3480 V
706 3426 792 3494 (-ssi
812 3428 894 3498 Geth:
911 3426 1060 3497 —glossae

84 3500 149 3571 (or).
750 3506 757 3519 '
