2288 3878
90 138 155 204 2¹12
419 141 764 195 esnone-monor!

90 298 238 369 purgabis,
257 302 287 354 et
308 298 410 353 lotium
432 298 552 369 virginis
573 299 655 369 pueri
672 297 785 366 inicito‚
808 301 913 368 postea
937 300 1009 356 lana
1033 302 1106 356 obtu-

90 379 175 434 rabis.
212 378 302 448 ruptis
321 377 437 432 auribus
457 377 571 433 ovinum
594 378 632 434 fel
655 395 720 433 cnm
737 377 813 433 lacte
832 378 966 437 mulieris
983 381 1106 452 tepidum

90 458 197 514 inicito.
231 458 354 512 sonitum
377 460 407 512 et
429 457 565 513 tinnitum
587 457 699 513 aurium
721 457 840 513 discutit
857 458 970 514 nitrum
993 477 1030 517 ex
1048 461 1105 516 vino

91 530 239 607 liquatum.
269 538 323 593 hoc
341 541 371 593 at
386 537 545 608 purulentis
563 537 679 592 auribus
701 538 831 593 medetur
849 540 880 593 et
897 555 989 609 supra
1009 540 1106 610 scripta

64 619 163 676 ovitia
186 621 276 673 sanat.
315 617 432 672 ovillum
456 617 496 672 fel
519 635 583 672 cum
608 616 693 673 melle
715 616 845 687 tepidum
871 617 1015 674 iniectum
1038 621 1106 676 idem

91 700 226 768 praestat.
264 700 292 752 et
320 697 388 751 nitri
416 697 479 751 triti
499 696 594 766 pulvis
621 696 763 752 immissus
790 713 899 753 vermes
930 699 967 754 do
995 701 1105 755 auribus

91 780 183 832 necat.
213 776 304 831 saliva
317 777 439 831 hominis
454 776 565 832 stillata
579 776 718 832 similiter.
746 776 865 832 herbam
877 777 1069 847 parietariam
1080 779 1105 833 in

92 874 167 925 aqua
187 857 325 924 decoques
344 857 382 910 ad
399 856 513 926 tertias,
537 859 566 912 et
589 873 656 912 suco
679 856 740 912 eius
763 856 861 926 tepido
881 856 996 914 stillato
1016 876 1105 915 omnes

92 953 200 991 vermes
219 936 384 1005 moriuntur,
409 938 438 990 et
456 936 497 990 sic
512 937 547 991 de
562 936 678 991 auribus
692 936 804 993 cadent.
832 938 959 992 cannabi
977 939 1106 994 foliorum

54 1035 79 1073 ro
92 1032 174 1069 sucus
202 1014 315 1084 tepidus
344 1014 500 1070 instillatus
524 1015 635 1071 aurium
662 1032 771 1072 vermes
799 1019 850 1071 aut
878 1016 903 1071 si
932 1017 1005 1088 quid
1032 1019 1105 1074 aliud

92 1094 178 1149 fuerit
196 1094 309 1150 occidit.

162 1192 237 1230 norw
254 1191 306 1245 seg.
318 1177 401 1245 (qaod
414 1176 446 1230 ia
463 1181 541 1230 texta
558 1176 696 1232 Theodori
709 1180 747 1232 21
755 1178 840 1246 ‚ectri
859 1175 990 1232 Bubulas
1013 1193 1104 1232 carnes

92 1254 262 1309 carbonibus
281 1255 463 1324 superponito
478 1258 512 1325 (b,
531 1256 568 1311 Et
584 1255 721 1310 bubulam
735 1271 848 1310 carnem
864 1254 1001 1311 carnibus
1016 1273 1105 1327 super-

92 1333 189 1401 ponito
208 1337 233 1403 ν)
251 1333 432 1404 -tepidum
459 1334 621 1403 frequenter
647 1335 781 1390 infundis.
813 1337 980 1404 deitatem!
1001 1339 1053 1405 ira)
1070 1354 1103 1392 se·

55 1430 80 1469 15
94 1413 187 1481 paitru
206 1412 235 1466 Si
255 1414 352 1468 audire
371 1413 480 1468 tardius
495 1414 617 1484 ceperit.
630 1456 653 1471 ..
668 1415 747 1485 prius
766 1418 862 1469 tamen
879 1416 1105 1484 procurationem

93 1490 207 1546 ventris.
245 1495 274 1547 et
293 1493 416 1563 corporis
434 1494 636 1564 purgacionem
658 1494 777 1549 facimus
796 1497 836 1564 (b,
860 1493 940 1564 prius
964 1496 1043 1552 enim
1059 1511 1104 1566 pro

92 1571 261 1640 purgatione
280 1573 386 1627 ventris
405 1577 434 1628 et
452 1574 576 1644 corporis
590 1573 792 1644 purgacionem
809 1573 929 1628 facimus
943 1577 978 1645 r).

235 1688 305 1742 Item
323 1691 361 1744 ad
373 1690 400 1756 Ι,
413 1694 432 1743 8
446 1691 504 1758 (21)
524 1693 599 1759 (post
616 1689 817 1760 purgacionem
834 1689 975 1760 facimus).

165 1766 288 1821 Auribus
306 1784 373 1822 vero
392 1768 531 1824 absinthii
550 1787 646 1824 sucum
665 1773 716 1825 aut
735 1768 919 1840 cynoglossos
942 1787 1009 1826 cum
1026 1789 1105 1842 passo

55 1865 81 1904 ao
95 1849 124 1901 et
138 1846 200 1903 oleo
214 1848 312 1918 tepido
327 1848 475 1905 stillamus.
504 1850 574 1904 mire
588 1849 691 1910 vitium
705 1852 795 1905 sanat.
822 1848 863 1903 sic
876 1853 1000 1919 nepetae
1014 1870 1106 1907 sucum

94 1926 254 1996 frequenter
272 1929 404 1998 infundo,
427 1931 457 1984 ct
475 1929 536 1984 eius
555 1929 647 1989 siccae
664 1928 810 1999 pulverem
827 1945 878 1999 per
896 1930 1051 1986 cannulam
1068 1932 1106 1986 in·

95 2008 184 2064 sufflo.
214 2009 254 2063 sic
268 2027 395 2064 rosarum
409 2026 491 2063 sucus
510 2027 574 2064 cum
591 2009 685 2077 melle,
704 2009 744 2063 sic
758 2008 870 2079 origani
888 2026 972 2065 sucus
986 2011 1107 2081 tepidus,

95 2087 135 2142 sic
153 2089 259 2144 nitrum
277 2090 307 2143 in
326 2092 406 2144 aceto
424 2089 593 2159 resolutum,
612 2088 653 2143 sic
671 2089 815 2143 taurinum
833 2091 884 2144 aut
901 2089 1043 2146 bubulum
1061 2093 1108 2146 aut

94 2170 240 2239 caprinum
264 2173 314 2225 aut
335 2169 482 2239 porcinum
504 2168 544 2223 fel
566 2186 630 2224 cum
653 2167 715 2223 oleo
743 2185 823 2224 roseo
845 2167 892 2224 vel
914 2169 1041 2240 lauriae,
1070 2171 1107 2224 sic

56 2263 81 2303 aa
95 2248 256 2304 rafanorum
275 2256 357 2304 sucus
375 2248 489 2319 tepidus
508 2249 624 2303 auribus
642 2247 766 2304 inicitur.
795 2247 820 2303 si
834 2247 946 2317 aliquid
962 2248 996 2304 in
1014 2267 1108 2306 aurem

94 2327 247 2398 introierit,
271 2330 387 2384 alterius
410 2328 500 2400 partis
519 2328 621 2398 pedem
644 2327 801 2383 excalceari
819 2327 906 2382 facies
926 2331 956 2384 et
974 2333 1063 2400 caput
1080 2330 1109 2383 in

167 2511 180 2557 1
204 2505 339 2576 purgabit
358 2508 381 2561 b.
492 2505 596 2560 loeium
615 2508 642 2562 b:
666 2505 772 2560 lucium
790 2524 813 2562 r.
836 2507 871 2574 cf.
889 2504 971 2575 pueri
995 2505 1108 2576 inpubis

95 2573 186 2637 Marc.
197 2592 227 2643 p.
243 2580 306 2642 104,
321 2580 358 2631 30
376 2583 401 2631 et
418 2577 498 2646 pueri
516 2576 634 2632 investis
645 2594 675 2647 p.
691 2581 775 2644 96,1.
886 2575 1018 2653 tepidum
1035 2581 1109 2648 (post

94 2643 185 2714 pueri)
203 2647 266 2701 add.
286 2664 309 2701 r.
391 2650 420 2702 et
439 2648 474 2702 de
492 2647 559 2702 lana
578 2649 712 2718 opturatis
731 2649 795 2717 (pro
815 2648 890 2717 -to)
904 2665 927 2701 r.
1014 2653 1030 2702 2
1052 2648 1109 2703 ovi·

95 2733 162 2769 num
181 2717 210 2771 b:
230 2716 347 2771 ovillum
365 2736 388 2774 r.
487 2719 584 2790 tepido
604 2721 627 2774 b.
727 2719 796 2786 bcf.
816 2718 862 2773 Pa
883 2718 961 2772 Plio.
976 2736 1008 2788 p.
1023 2723 1069 2787 19,
1082 2723 1107 2774 2.

95 2792 113 2839 4
131 2789 279 2842 et-sanat
297 2806 324 2844 r:
344 2806 393 2845 ona
414 2791 437 2844 b.
497 2795 513 2843 5
532 2792 561 2844 et
580 2789 697 2844 ovillum
715 2807 737 2845 r.
794 2796 809 2843 ‘1
829 2787 962 2843 similiter
975 2791 1006 2845 b:
1021 2807 1071 2846 om.
1086 2809 1107 2845 r.

95 2857 262 2927 panitariam
280 2862 323 2915 br.
428 2866 444 2915 8
463 2866 531 2915 sucu
549 2860 649 2930 tepidis
667 2863 727 2930 (orn.
747 2859 818 2929 eius)
836 2872 861 2915 r.
951 2864 968 2927 9
987 2860 1109 2915 cannabi

97 2935 141 2993 (ut
157 2935 255 3000 supro)
275 2933 304 2987 b:
323 2930 439 3001 canapis
458 2950 480 2988 r.
553 2931 686 2986 foliarum
705 2937 781 2999 (onte
799 2933 880 2997 corr.)
897 2932 920 2985 b.
996 2936 1029 2985 10
1049 2930 1109 2986 stil-

96 2998 171 3054 latus
185 3019 208 3056 r.
271 3001 443 3058 aut—fuerit
457 3004 486 3058 b:
505 3005 577 3059 irater
592 3005 640 3058 lia.
655 3003 744 3072 crippl.
759 3020 781 3058 r.
801 3003 836 3069 cs.
847 3001 938 3058 Marc.
949 3006 1108 3071 p.102,15.

98 3077 128 3124 11
150 3071 254 3127 occidit
272 3076 300 3130 b:
321 3074 356 3129 de
370 3073 485 3128 auribus
502 3076 586 3129 necat
603 3075 655 3139 (sic
672 3075 735 3141 del.)
755 3072 861 3127 occidit
878 3090 901 3128 r.
1007 3078 1041 3126 19
1061 3074 1109 3127 ab·

97 3151 196 3205 sinthii
214 3152 301 3226 herbp
319 3172 342 3209 r.
398 3152 555 3224 cinoglosse
574 3156 618 3222 br,
678 3159 712 3208 20
731 3155 814 3207 sanat
833 3155 861 3208 b:
881 3152 1016 3207 emendat
1033 3171 1055 3209 r.

97 3221 192 3294 nepitp
213 3226 274 3293 (sic)
293 3227 336 3281 br.
428 3231 459 3278 21
480 3223 624 3278 insufflato
642 3242 665 3279 r.
758 3230 792 3277 22
812 3240 909 3278 sucum
928 3225 996 3293 (etc.)
1011 3267 1016 3279 .
1029 3268 1034 3278 .
1046 3226 1108 3293 .(25)

97 3292 196 3347 inicito
214 3313 235 3350 r.
313 3302 347 3350 23
366 3297 401 3364 cf.
420 3297 508 3366 ipsius
528 3296 664 3350 Theodori
682 3312 751 3366 quoe
768 3297 801 3349 ab
818 3297 995 3350 1113111121.
1067 3311 1108 3349 re·

98 3362 221 3418 solutum
239 3384 266 3422 r:
285 3383 336 3422 om.
356 3369 379 3423 b.
452 3369 482 3421 ct
500 3366 567 3421 bub.
586 3364 632 3420 vel
651 3382 725 3435 capr.
747 3382 796 3419 seu
814 3381 890 3434 porc.
908 3383 932 3420 r.
1007 3370 1042 3418 25
1061 3367 1109 3420 boc

97 3452 131 3491 eor
144 3436 200 3490 alio
213 3439 279 3493 ultis
291 3440 379 3494 uerbis
392 3445 504 3494 auctore
513 3439 596 3493 babet
604 3436 695 3492 Marc.
707 3453 736 3506 p.
744 3439 807 3504 105,
822 3439 840 3492 5
852 3437 910 3492 scri.
925 3452 960 3492 ea
971 3435 1018 3492 Ps.
1031 3436 1105 3490 Plio.

94 3511 240 3576 p.19,15.
315 3515 348 3564 26
367 3507 518 3564 excalciari
537 3510 580 3564 br.
767 3520 769 3525 ’
