2288 3878
82 159 151 224 408
418 126 766 212 manno-nunonem

81 317 175 373 mixta
193 333 257 370 cum
275 315 338 371 oleo
352 332 441 371 roseo.
460 314 532 370 facit
544 317 575 369 et
588 315 626 369 ad
638 313 741 368 nimias
755 310 864 384 febres,
886 317 918 372 si
930 336 998 388 per
1015 338 1111 376 anum

83 398 120 452 in
142 396 230 466 ipsis
254 395 346 451 sucis
369 398 404 450 ct
425 394 502 449 oleo
529 393 647 448 infusa
669 396 699 448 et
719 394 899 462 praecordiis
923 401 981 454 aut
1003 400 1111 455 thoraci

86 475 389 547 impositafuerit.

26 563 65 613 35
157 555 259 611 Casia
277 553 411 609 calefacit
428 570 463 608 ac
481 551 571 606 siccat
587 551 714 621 nimium,
733 554 764 607 et
780 555 901 609 tannem
918 558 952 612 et
973 558 1110 615 acriorem

83 636 220 691 virtutem
234 633 329 689 habet.
349 632 455 688 idcirco
473 630 614 701 praecidit
631 633 661 685 et
674 630 815 702 dispergit
828 634 961 704 corporis
976 655 1110 707 umorem,
1132 654 1143 693 5

83 715 222 786 provocat
240 716 271 767 et
287 714 439 766 menstrua.

27 800 66 849 86
158 791 383 849 Coriendrum
400 788 515 844 virtutis
531 788 647 858 tepidae
666 792 696 844 ot
708 789 801 860 magis
815 795 951 848 umectae
971 799 1025 852 est.
1041 796 1111 852 facit

85 877 116 929 et
135 874 172 928 ad
190 871 321 927 fervores.

30 958 66 1007 37
158 952 256 1008 Cicer
274 950 319 1004 lac
338 952 368 1003 et
386 963 482 1002 semen
499 951 625 1018 generat,
647 951 785 1018 provocat
803 953 833 1005 et
850 955 1012 1010 menstrua.
1039 956 1111 1011 cicer

84 1031 199 1102 nigrum
216 1030 353 1100 provocat
370 1028 466 1082 urinas
485 1030 515 1081 et
532 1043 613 1082 renes
631 1030 743 1097 purgat.
1122 1050 1142 1088 10

30 1116 67 1165 38
159 1110 280 1166 Costus
298 1107 433 1162 virtutem
451 1106 576 1161 calidam
589 1110 619 1161 et
632 1106 769 1161 acriorem
787 1107 885 1178 habet,
904 1109 976 1175 ideo
991 1116 1023 1169 et
1037 1131 1110 1170 com-

83 1190 171 1245 burit.
192 1188 287 1243 omnia
305 1185 512 1241 medicamenta
530 1203 604 1255 quae
621 1186 693 1241 fiunt
713 1188 764 1240 aut
783 1187 822 1241 ad
839 1187 1042 1258 (ischiadicos
1061 1198 1110 1249 aut

85 1270 145 1339 ad>
158 1267 331 1337 paralyticos
346 1268 455 1320 costum
469 1265 621 1336 accipiunt.
640 1267 777 1336 provocat
790 1266 888 1322 urinas
902 1270 934 1323 et
950 1276 1110 1344 menstrua,

84 1350 115 1402 et
134 1346 245 1401 dolores
264 1344 363 1400 lateris
382 1347 470 1400 curat.

30 1431 67 1481 39
159 1423 429 1493 Caryophyllum
446 1423 565 1477 nimium
584 1423 698 1479 virtutis
717 1423 828 1479 calidae
846 1427 877 1479 et
897 1413 975 1482 acris
994 1434 1050 1488 est.
1124 1444 1143 1484 1'

30 1511 68 1560 40
159 1502 300 1557 Crocum
317 1501 406 1557 habet
423 1502 559 1557 virtutem
574 1502 706 1573 calidam,
725 1504 799 1558 unde
818 1506 848 1558 ot
860 1505 1002 1563 virtutem
1022 1511 1113 1568 habet

86 1581 258 1638 maturandi.
277 1584 321 1636 est
339 1597 373 1635 ex
392 1581 489 1650 aliqua
506 1585 588 1652 parte
607 1583 767 1652 stypticum.

32 1671 68 1720 41
160 1661 272 1731 Cepae
291 1660 463 1716 calefaciunt
481 1662 668 1717 vehementer.
688 1663 763 1753 undq
777 1664 806 1717 et
822 1662 1043 1725 haemorroides
1058 1673 1112 1727 sol-

86 1744 143 1814 vit,
167 1745 196 1797 et
214 1741 240 1795 si
258 1758 322 1795 cum
345 1743 426 1795 aceto
445 1741 515 1796 trita
537 1741 633 1811 fuerit,
657 1741 808 1811 lentigines
828 1742 863 1797 de
881 1742 958 1800 facie
976 1748 1070 1821 tollit,
1089 1752 1112 1806 si

86 1821 227 1878 inlinieris
246 1823 275 1876 et
294 1820 336 1875 sol
356 1820 475 1888 steterit.
493 1821 564 1876 facit
582 1824 611 1876 et
628 1821 707 1892 <ad>
720 1821 813 1876 tincas
827 1822 941 1893 capitis,
961 1826 1033 1897 <si>
1048 1831 1112 1900 quis
1129 1848 1143 1873 t·

87 1901 234 1958 fricaverit
252 1901 315 1956 loca
333 1899 403 1970 ipsa.

31 1988 68 2036 42
160 1979 282 2036 Gaulos
302 1978 393 2033 siccae
416 1976 531 2033 virtutis
550 1980 628 2047 sunt,
652 1981 682 2032 at
705 1978 729 2033 si
752 1979 892 2035 combusti
915 1983 992 2038 tursi
1011 2002 1112 2043 eornm

87 2061 202 2130 fuerint,
220 2059 340 2113 nimium
358 2057 474 2128 siccant,
494 2056 628 2125 quoniam
645 2073 733 2127 prope
751 2057 887 2115 ustulant.
907 2060 1020 2119 idcirco
1036 2083 1111 2121 conr.

86 2142 242 2195 miscentur
265 2137 394 2192 caulibus
417 2137 516 2207 adipes
538 2136 661 2206 porcini,
687 2140 717 2191 et
739 2137 850 2192 faciunt
872 2140 910 2194 ad
927 2141 1109 2214 pleuriticos,

89 2219 288 2275 diaforcticum
307 2216 487 2272 adiutorium.
1121 2236 1132 2275 2

32 2307 69 2355 43
124 2296 132 2306 ‘
160 2296 292 2367 Oymini
311 2313 406 2350 semen
428 2294 542 2350 virtutis
566 2294 677 2350 calidae
701 2298 745 2350 est
767 2297 962 2369 vehementer,
987 2305 1018 2356 et
1042 2322 1108 2360 ven-

88 2379 235 2433 tositatem
253 2374 368 2429 minime
386 2374 465 2444 facit,
484 2377 513 2429 et
531 2373 643 2428 urinam
659 2378 803 2445 provocat.

31 2464 70 2512 44
160 2455 325 2523 cyperum
339 2452 449 2508 radicas
459 2451 804 2524 <maxime>necessarias
820 2455 916 2513 habet.
932 2459 1108 2518 calefaciunt

161 2601 175 2676 1
194 2608 333 2663 parannos
354 2593 387 2648 G.
497 2599 513 2647 2
532 2591 633 2646 infusis
654 2593 687 2648 G.
782 2597 888 2651 toracis
907 2597 1052 2669 inpositus
1073 2605 1105 2660 G.

86 2673 105 2722 4
119 2681 256 2721 nonorem
269 2665 360 2718 tutem
372 2664 435 2732 (sic)
448 2664 481 2719 G.
540 2672 555 2718 5
569 2662 661 2733 froid&
675 2663 848 2736 &dispergit
868 2684 891 2724 c.
911 2669 1061 2728 humorem
1072 2675 1105 2730 G.

90 2735 266 2808 7tepid1'rG.
345 2734 475 2790 humecto
496 2735 529 2790 G.
620 2733 760 2789 alacrem
780 2736 814 2790 G.
903 2745 1051 2798 menstrua
1071 2746 1105 2801 G,

88 2816 123 2866 10
141 2811 215 2867 rubr.
235 2807 277 2861 De
295 2804 375 2860 niori
393 2805 474 2861 cicer.
495 2805 574 2860 (licor
587 2803 671 2874 niglu
687 2805 814 2875 θ(κριός
830 2808 892 2864 Gal.
908 2811 1023 2883 Dicae).

87 2881 205 2936 hurinas
226 2879 259 2935 G.
381 2883 414 2931 11
433 2877 475 2932 De
494 2879 610 2931 costum.
631 2875 747 2931 (tostum
767 2877 800 2933 G.
916 2883 1051 2939 conburit
1071 2886 1106 2942 G.

89 2960 124 3007 12
145 2955 195 3007 aut
213 2951 251 3006 ad
268 2948 433 3020 paraliticos
454 2948 487 3004 G.
570 2952 604 3001 14
623 2946 728 3002 doloris
749 2948 782 3004 G.
856 2954 890 3003 15
908 2950 951 3006 De
970 2954 1106 3011 cariofile.

89 3023 253 3078 Oariofilum
273 3022 299 3077 G
318 3021 406 3089 (Plio.
421 3023 466 3088 12,
481 3025 517 3075 30
535 3051 571 3059 -
587 3036 645 3074 nort
662 3020 739 3089 aprod
758 3019 821 3075 Gal.
839 3021 956 3090 Diooc).
1041 3043 1108 3082 acre

89 3096 131 3161 (id
149 3101 188 3149 eat
206 3096 299 3162 acrae)
310 3093 343 3148 G.
382 3098 415 3147 16
434 3092 475 3146 Da
494 3095 584 3145 crocu.
605 3089 707 3145 Crocus
719 3090 752 3146 G.
790 3094 823 3143 17
843 3090 990 3161 stipticum
998 3097 1063 3165 (sio)
1072 3099 1107 3153 G,

91 3168 124 3217 18
143 3163 184 3216 De
204 3163 274 3232 cipe.
296 3162 363 3233 ine
385 3163 418 3218 G.
495 3160 666 3216 emorroides
685 3161 771 3216 solv&
791 3160 823 3216 G.
898 3167 931 3214 19
950 3163 988 3219 si:
1007 3166 1051 3221 sio
1072 3169 1106 3224 G.

88 3233 190 3288 tritum
207 3232 294 3286 fuerit
314 3234 347 3288 G.
410 3239 445 3288 20
463 3228 494 3288 ἐν
512 3232 581 3306 ἡλίῳ
602 3232 664 3287 Gal.
737 3233 775 3286 ad
793 3248 843 3287 om.
864 3231 897 3286 G.
953 3232 979 3286 si
997 3252 1049 3293 om,
1072 3239 1107 3294 G,

90 3310 124 3360 22
144 3302 339 3358 combustitur.
377 3303 401 3356 si
420 3320 516 3358 eorum
532 3303 564 3359 G.
637 3307 671 3356 23
691 3302 866 3356 conmiscunt
885 3301 976 3356 caulis
995 3321 1020 3360 a.
1041 3325 1108 3377 p0r.

90 3374 148 3430 cini
169 3368 201 3430 G.
278 3379 312 3427 25
330 3372 495 3442 peuriticos
515 3371 674 3428 diaforitico
696 3372 729 3428 G.
821 3379 854 3429 26
872 3372 914 3426 De
933 3373 1040 3431 cimini.
1062 3379 1108 3433 ci.

89 3446 161 3501 mini
181 3445 214 3500 G.
287 3448 321 3498 28
340 3444 382 3498 De
400 3443 532 3513 ciperum.
553 3443 654 3512 Ciperr'r
667 3442 777 3497 radices
790 3443 849 3498 G.·
897 3443 1019 3499 maxime
1039 3451 1107 3504 add.

85 3519 152 3579 Gal.
163 3516 239 3589 XII,
249 3519 293 3573 54.
364 3513 472 3574 habant
492 3515 526 3571 G.
618 3527 622 3533 ·
