2288 3878
71 160 136 225 356
440 161 524 214 sno.
544 160 731 213 sesanam.

68 337 156 390 pusca
176 320 293 373 decocta
318 319 451 372 emendat
469 316 600 385 fetorem,
623 316 648 369 si
672 316 733 386 ipse
756 333 838 370 sucus
863 334 928 370 oum
949 319 1093 401 cocleario

69 399 162 454 mellis
181 399 320 453 mittatur.
341 398 411 452 item
424 397 545 451 hederae
561 413 643 450 sucus
657 396 767 450 celatus
781 396 898 450 naribus
918 396 1092 454 infunditur.

69 480 139 534 item
163 477 363 533 aristolochiae
388 494 470 531 sucus
493 494 557 530 cum
579 492 695 545 cypero,
724 475 770 530 vel
798 477 972 531 draconteae
995 495 1095 533 semen

69 579 132 615 oum
150 560 234 614 melle
253 559 368 613 inditur.
395 558 464 612 item
483 557 520 611 ad
542 556 656 610 narium
673 555 898 625 graveolentiam
918 557 1094 613 draconteae

43 651 55 692 5
71 658 152 694 sucus
172 657 235 693 cum
253 637 337 692 melle
352 636 518 706 infunditur,
537 652 610 704 quae
624 651 668 690 res
683 635 771 689 etiam
784 635 978 692 carcinomata
998 642 1093 693 sanat.

416 744 488 798 Item
506 743 548 796 ad
566 742 735 812 polypum.

140 833 298 888 Aeraminis
315 831 395 887 rubei
410 832 560 886 limaturae
574 832 645 901 ÷1,
667 830 837 885 ammoniaci
851 845 887 890 ÷
900 832 935 901 11,
955 832 1094 888 aluminis

69 914 183 968 rotundi
202 928 238 972 ÷
252 915 291 967 111
311 917 341 968 et
360 913 435 967 aceti
449 912 521 966 acris
541 910 650 980 cotyles
666 910 712 965 VI.
733 910 828 965 omnia
847 910 922 965 sicca
940 914 1013 966 teris
1029 931 1095 968 oum

71 997 151 1048 aceto
171 993 331 1062 diligenter,
350 992 441 1046 mittis
460 991 490 1044 in
508 990 642 1061 pyxidem
660 1006 773 1045 aeream
792 994 821 1044 et
839 990 933 1060 agitas
954 993 989 1046 de
1010 994 1094 1064 virga

33 1087 58 1124 ro
73 1090 156 1127 aerea
175 1074 213 1127 ad
232 1073 319 1127 solem
338 1090 427 1141 usque
452 1073 518 1126 dum
538 1071 665 1124 siccetur.
691 1070 793 1124 deinde
816 1070 885 1124 teris
904 1071 935 1124 in
953 1075 1094 1129 mortario

71 1152 203 1207 thebaico
223 1156 252 1208 et
271 1153 384 1223 reponis
400 1153 430 1207 in
443 1169 511 1207 vase
529 1149 618 1206 fictili.
639 1150 758 1218 quando
772 1153 868 1204 autem
887 1168 978 1219 curas,
999 1152 1094 1207 mittis

71 1232 216 1301 pulverem
234 1232 264 1285 in
283 1249 376 1301 penna
391 1232 457 1299 <vel
475 1231 505 1284 in
519 1247 610 1285 canna
629 1229 750 1299 subtili>
764 1232 793 1284 et
808 1229 903 1284 sufflas
918 1231 949 1284 in
962 1232 1094 1302 naribus,

72 1311 114 1364 ita
141 1314 237 1365 tamen
265 1314 297 1366 ut
325 1329 355 1366 os
384 1311 443 1366 eius
465 1310 544 1380 prius
571 1327 646 1378 aqua
673 1309 779 1379 frigida
807 1309 961 1379 impleatur
990 1312 1094 1368 diebus

71 1389 288 1444 canicularibus.
315 1407 411 1446 mense
434 1406 500 1445 vero
528 1389 682 1460 septembri
710 1405 807 1444 curare
830 1389 950 1460 incipies
974 1391 1019 1446 ita
1042 1410 1095 1463 per

31 1479 57 1519 15
72 1469 132 1523 dies
151 1472 216 1522 tres.
237 1486 254 1523 a
272 1469 339 1524 vino
363 1474 393 1524 et
415 1486 499 1524 carne
518 1473 547 1524 et
565 1487 583 1523 a
601 1469 713 1540 frigidis
740 1469 895 1539 abstineat,
919 1475 1026 1539 quarta
1046 1474 1094 1528 die

71 1566 127 1603 non
146 1551 234 1603 cenet.
259 1549 360 1616 quinta
383 1566 449 1604 vero
474 1549 597 1618 accipiat
615 1548 725 1603 hierem
743 1548 918 1619 Archigenis.
942 1555 1011 1620 post
1031 1553 1094 1607 dies

72 1631 167 1683 autem
180 1630 238 1682 tres
252 1645 356 1698 purgas
372 1632 458 1699 caput
472 1628 532 1683 eius
547 1629 595 1683 sic.
615 1628 726 1682 ieiunus
740 1645 792 1698 per
805 1628 932 1683 triduum
949 1631 1094 1687 masticen

72 1708 272 1763 commasticet.
288 1725 352 1762 oum
366 1708 424 1763 iam
439 1725 537 1778 spuere
552 1708 684 1778 coeperit,
705 1707 787 1761 addis
801 1708 846 1761 illi
861 1709 978 1764 stafidos
994 1713 1093 1781 agrius

72 1806 191 1859 granum
204 1805 299 1858 unum,
318 1788 683 1862 postlmodicumlalterum,
704 1787 806 1842 deinde
820 1789 944 1859 tertium,
965 1791 1004 1844 ad
1023 1792 1094 1847 ulti-

32 1880 58 1918 20
71 1887 148 1923 mum
172 1870 312 1936 quartum.
341 1868 407 1923 inde
435 1884 500 1923 vero
529 1869 652 1923 secunda
681 1868 727 1923 die
755 1868 874 1939 incipies
898 1870 935 1924 ab
958 1887 1016 1925 uno
1041 1890 1094 1942 per

73 1949 208 2017 ordinem,
228 1948 301 2003 sicut
320 1949 394 2017 heri,
413 1964 501 2016 usque
520 1949 558 2002 ad
577 1947 707 2016 quintum
724 1949 879 2020 perveniet,
899 1952 928 2003 et
946 1950 1001 2005 hoc
1021 1969 1093 2020 quo-

144 2107 158 2153 1
180 2099 203 2153 si
223 2099 283 2169 ipse
295 2100 364 2166 (cod.
379 2099 504 2166 Bamb.):
523 2114 606 2167 supse
618 2101 704 2168 (sio)r
714 2101 825 2168 (supsae
840 2102 879 2155 cd.
895 2102 973 2156 Plio.
989 2104 1092 2175 Rom).

73 2189 137 2225 cum
164 2170 248 2225 melle
277 2173 306 2224 et
331 2187 394 2223 cum
422 2167 547 2223 cocleare
575 2170 673 2224 Bomb.
788 2176 858 2224 2-4
885 2173 951 2228 boec
978 2192 1014 2230 coc
1043 2177 1090 2232 Ps.

72 2243 154 2297 Plio.
166 2259 195 2311 p.
210 2245 256 2309 23,
271 2244 388 2308 19-24,
407 2244 424 2294 3
443 2239 521 2310 Lips.
541 2241 621 2295 habet
631 2241 722 2296 Marc.
733 2259 763 2310 p.
775 2246 837 2311 112,
858 2246 1012 2300 16—19H.
1030 2250 1093 2314 (ubi

72 2330 106 2367 coc
114 2314 150 2367 al.
160 2314 235 2380 fonte
244 2315 336 2367 eudem
342 2313 512 2382 praecedunt
517 2315 782 2381 p.112,7.13-16).
798 2315 831 2380 cf.
837 2316 1091 2385 eapraadp.45,5.

72 2383 289 2456 tastrologipr.
341 2381 475 2436 4inditur
485 2383 522 2437 P:
537 2382 666 2436 medetur
679 2401 701 2439 r.
745 2382 815 2437 item
826 2389 872 2452 (ecc
885 2386 921 2439 cl.
936 2387 970 2454 f.)
987 2387 1026 2440 ad
1040 2406 1091 2444 na·

72 2453 144 2507 rium
173 2470 258 2521 grave
287 2452 375 2507 fetore
405 2452 545 2508 olentibus
571 2454 633 2521 (sic)
652 2472 668 2509 r
687 2454 768 2523 (Item
797 2455 835 2508 ad
860 2455 972 2510 narium
1000 2475 1091 2527 grave

73 2523 209 2577 olentium
228 2525 260 2592 P,
279 2526 330 2578 ubi
349 2523 456 2577 —tium
474 2525 531 2579 cod.
551 2524 597 2594 B).
681 2524 904 2581 1amoniacus.
979 2530 1091 2585 8acris

74 2595 211 2661 (Bumb.):
230 2593 289 2647 acri
307 2596 360 2649 rP.
434 2594 528 2648 omnia
546 2611 596 2649 om.
616 2594 648 2649 P.
723 2601 739 2648 9
755 2595 972 2666 diligentissime
988 2599 1090 2657 Bacch.

144 2666 173 2716 et
191 2662 282 2718 mittis
302 2665 334 2718 P.
414 2665 549 2719 buxidem
566 2667 619 2722 ΥΡ.
694 2671 728 2719 10
747 2667 785 2720 ad
803 2667 892 2722 solem
909 2670 1039 2726 rBamb.:
1060 2672 1091 2726 in

73 2733 132 2789 sole
151 2735 184 2788 P.
262 2734 349 2788 siccet
367 2735 465 2790 Bumt.
558 2742 590 2790 11
610 2735 723 2791 tehaico
743 2738 841 2793 Bomb.
860 2741 919 2809 (qui
937 2741 1002 2795 add.
1024 2742 1090 2796 dili-

20 2821 22 2827 ’
73 2807 194 2875 genter):
213 2804 328 2874 tybaioo
347 2823 370 2887 r,
388 2823 439 2861 om.
459 2806 492 2861 P.
555 2810 584 2861 et
601 2825 629 2863 r:
649 2810 714 2877 post
733 2808 785 2863 heo
804 2809 836 2864 P.
902 2828 952 2865 vas
966 2811 1050 2866 fictili
1065 2832 1089 2870 r.

74 2882 107 2929 12
127 2876 172 2931 vel
191 2875 209 2931 i.
229 2894 253 2932 c.
272 2875 372 2931 subtih
390 2878 454 2932 add.
475 2878 507 2933 P.
633 2881 663 2932 et
681 2878 817 2934 insuflans
835 2879 866 2934 in
884 2898 967 2936 nares
986 2883 1090 2940 Bconb.

74 2949 165 3016 (aures
185 2948 229 3016 P).
313 2954 347 3002 14
366 2947 536 3018 septembrio
554 2966 578 3017 r,
597 2950 731 3004 setembri
750 2951 848 3006 Bamb.
869 2953 1022 3021 (decembri
1043 2955 1090 3024 P).

74 3034 172 3072 curare
191 3018 228 3074 P:
249 3036 354 3075 curer.
415 3025 449 3073 16
468 3021 549 3073 cenet
567 3037 581 3074 r
602 3021 666 3088 (P).-
685 3025 776 3076 cesset
794 3024 892 3078 Bomb.
947 3023 1049 3091 quinta
1065 3027 1094 3079 P

74 3089 211 3158 (Bamb.):
229 3090 282 3144 hoc
303 3092 364 3159 (sic)
384 3108 407 3144 r.
497 3089 577 3144 hiera
597 3093 659 3160 (sic)
680 3093 793 3148 Bombs
812 3109 861 3149 om.
881 3112 904 3149 r.
996 3097 1091 3150 archi-

74 3159 167 3228 genis:
187 3162 226 3216 sic
243 3162 357 3216 rBamb.
368 3163 475 3230 (geram
494 3160 637 3230 antigonis
656 3163 700 3232 P).
796 3169 828 3218 17
848 3168 944 3220 autem
963 3168 1026 3235 (sic)
1048 3169 1090 3224 P:

75 3233 149 3300 (post
167 3231 344 3302 Archigenis)
358 3249 380 3286 r.
436 3231 583 3285 masticem
600 3250 623 3301 r,
642 3249 724 3288 -ces
744 3235 843 3290 Bomb.
917 3241 951 3290 18
971 3237 1090 3294 stafides

76 3304 139 3370 (sic)
159 3301 253 3371 agnas
271 3303 383 3358 Bacch:
403 3301 563 3371 stafisagn'a
580 3303 669 3371 ΜΡ).
770 3311 803 3359 19
821 3309 886 3374 post
905 3306 934 3360 P
950 3309 1091 3379 (Bam),

75 3389 165 3442 perr.
274 3380 308 3427 20
327 3373 393 3427 inde
411 3392 439 3428 s:
458 3372 488 3426 in
507 3372 553 3426 die
572 3373 604 3427 P.
709 3376 833 3430 secunda
852 3377 898 3431 die
917 3396 944 3433 r:
965 3382 1089 3436 secundo

72 3445 183 3516 Bacch,
204 3444 276 3498 -da
295 3445 327 3498 P.
401 3448 434 3496 21
454 3443 527 3498 sicut
545 3442 606 3497 heri
624 3460 652 3499 r:
671 3460 720 3500 om.
741 3447 774 3502 P.
854 3448 997 3516 quintum:
1017 3469 1089 3510 corr.

64 3514 225 3588 quartum?
295 3512 444 3589 perveniet
457 3515 555 3570 Bamb.
571 3517 633 3583 (orn.
653 3514 704 3586 P):
725 3534 788 3572 -es
806 3536 829 3573 r.
903 3519 956 3574 hoc
976 3538 1089 3592 quoque

352 3792 683 3814 ἱ*
