2288 3878
429 203 700 254 ADDITAMENTA.
1006 202 1070 265 323

60 360 191 434 (curat).
220 361 253 412 ut
271 358 493 427 experimentum
512 357 631 425 habeas,
654 359 778 428 porcello
798 360 835 412 da
854 359 955 413 exinde
973 360 1071 414 bibere

58 444 87 495 et
106 438 202 495 occide
221 455 285 492 eum
308 441 337 492 et
360 438 486 507 splenem
505 437 532 491 ei
549 454 606 490 non
628 438 763 493 invenies.
787 438 840 492 hoc
863 456 913 507 per
938 439 1070 493 triduum.

58 519 153 575 salicis
173 535 317 586 cymarum
335 517 471 572 facioulos
485 517 525 570 III
545 517 683 584 decoques
702 517 732 571 in
750 519 831 589 [aqua
850 518 887 571 ad
906 517 1019 585 tertias,
1043 521 1072 572 et

58 600 157 653 diebus
177 598 203 652 V
221 596 301 666 potui
321 597 402 651 dabis
427 596 544 651 calicem
561 596 676 666 plenum
696 596 834 650 diurnum.
856 596 992 650 radicitus
1008 613 1072 650 eum

58 679 154 745 siccat,
175 677 224 730 sed
242 679 308 745 post
324 693 382 731 non
400 675 573 745 gravabitur,
591 678 595 745 l
613 681 650 746 (p.
659 681 725 745 113)
741 675 815 730 sicut
834 693 919 745 supra
937 676 1072 745 scriptum
1099 693 1112 733 5

58 763 102 813 est
125 759 178 812 hac
201 757 316 826 potione
339 755 381 810 ita
405 754 635 824 experimentata.
664 756 769 810 herbae
798 755 962 824 cyclaminis
990 756 1072 810 radix

59 839 131 893 collo
156 854 291 906 suspensa
314 839 343 890 et
370 851 453 904 super
477 834 661 907 splenemlde
685 835 805 890 fasciola
830 835 921 905 ligata
948 835 1071 905 prodest.

57 918 182 974 vesicam
200 916 367 970 bubulinam
387 908 446 969 sive
464 913 610 985 porcinam
629 917 709 969 aceto
733 915 868 969 acerrimo
892 913 1024 983 implebis
1044 916 1074 967 et

57 998 182 1052 calidam
199 996 291 1066 spleni
309 996 444 1064 impones.
473 994 595 1048 cinerem
614 1011 647 1048 ex
671 1011 745 1062 aqua
769 1011 922 1064 consperge
942 996 971 1047 et
990 1009 1073 1061 super

58 1077 184 1146 splenem
210 1076 286 1130 horis
318 1077 426 1129 duabus
454 1073 575 1143 impone.
605 1090 701 1127 ervum
723 1073 769 1128 vel
794 1090 877 1127 eruca
896 1073 1024 1142 prodest,
1048 1071 1073 1125 si
1088 1091 1113 1130 10

58 1156 163 1211 cotidie
189 1155 354 1225 spleniticus
382 1154 535 1208 manducet
561 1153 680 1208 ieiunus.
710 1153 747 1206 ad
772 1152 896 1221 splenem
922 1155 951 1206 et
979 1151 1074 1205 media

58 1238 206 1290 tumentes.
234 1234 408 1304 perdicalem
425 1234 543 1288 herbam
565 1231 653 1286 tunde
679 1234 708 1285 et
732 1250 829 1286 sucum
852 1249 902 1301 per
924 1230 1074 1285 linteolum

59 1315 166 1380 colato,
195 1316 224 1367 et
247 1312 316 1366 luna
341 1314 519 1366 decrescente
542 1327 592 1379 per
621 1314 678 1364 tres
703 1311 763 1366 dies
787 1311 861 1365 Iovis
887 1312 968 1381 potui
997 1312 1096 1365 dato.'

58 1392 159 1448 lolium
182 1391 269 1460 friges
293 1395 323 1446 et
344 1394 431 1459 teres,
460 1390 575 1458 eiusque
603 1390 748 1459 pulverem
770 1391 865 1444 ieiuno
887 1390 968 1460 potui
991 1390 1072 1443 dato.

60 1471 167 1525 caricas
186 1470 216 1523 in
235 1474 315 1525 aceto
334 1470 442 1524 infusas
457 1473 540 1537 teres,
560 1473 588 1523 et
602 1469 633 1523 in
646 1488 740 1538 panno
760 1471 907 1524 inductum
925 1469 995 1523 mire
1009 1485 1072 1538 pro·
1088 1486 1114 1526 11

60 1551 130 1602 dest.
159 1548 287 1602 bitumen
309 1548 450 1617 liquidum
472 1548 502 1600 in
528 1548 664 1618 pellicula
690 1549 783 1618 pilosa
812 1550 846 1604 de
872 1552 934 1603 utre
962 1547 1073 1603 vinario

59 1628 206 1682 inductum
233 1627 379 1696 imponito.
407 1628 485 1681 item.
517 1646 638 1697 gypsum
665 1628 696 1682 in
728 1633 808 1683 aceto
838 1632 1016 1699 [maceratum
1042 1626 1073 1680 in

58 1725 153 1778 panno
168 1707 314 1760 inductum
328 1707 474 1777 imponito.
498 1708 620 1762 hederae
634 1709 721 1763 bacas
735 1726 786 1778 per
799 1708 927 1763 triduum
944 1708 975 1761 in
992 1709 1072 1761 aceto

59 1788 167 1842 infusas
192 1791 220 1841 et
244 1804 307 1840 cum
330 1787 454 1856 axungia
481 1787 572 1841 veteri
600 1790 731 1842 contusas
755 1788 785 1841 in
812 1805 885 1842 novo
913 1803 1007 1857 panno
1031 1784 1073 1837 in-

59 1867 155 1922 ducito
184 1870 213 1921 et
239 1867 378 1936 imponito
401 1867 443 1920 ita
466 1883 501 1920 ne
529 1883 579 1936 per
606 1866 733 1920 triduum
760 1867 860 1921 solvat.
888 1868 983 1918 rutam
1011 1881 1073 1917 cum
1088 1885 1113 1923 ao

60 1948 184 2018 axungia
207 1952 281 2002 teres
305 1951 334 2002 et
357 1965 450 2017 panno
478 1947 624 2001 inductam
647 1946 782 2015 impones.
810 1944 954 2000 brassicae
980 1961 1074 1998 semen

60 2046 123 2081 cum
148 2030 227 2081 aceto
251 2027 350 2081 tritum
373 2029 402 2081 et
424 2029 571 2094 tamquam
593 2025 737 2095 malagma
756 2026 786 2079 in
808 2043 903 2095 panno
927 2025 1075 2077 inductum

61 2106 159 2161 autin
178 2106 276 2160 charta
301 2104 391 2174 spleni
413 2105 560 2174 imponito.
588 2105 611 2158 si
635 2108 729 2160 aestas
753 2109 809 2175 est,
834 2106 870 2159 ab
894 2105 964 2158 hora
983 2102 1075 2172 prima

60 2201 148 2252 usque
172 2186 209 2237 ad
227 2185 279 2238 VH
301 2202 387 2253 pones
414 2185 549 2252 quamdiu
573 2185 687 2240 sufferre
709 2185 812 2256 possit,
839 2185 863 2238 si
881 2184 984 2253 hiems,
1013 2186 1075 2237 tota

61 2265 116 2333 die,
136 2280 203 2317 sane
222 2262 290 2316 luna
309 2264 494 2318 decrescente.
516 2265 618 2334 pedem
633 2265 780 2320 sinistrum
793 2265 824 2318 in
838 2265 968 2320 arborem
982 2262 1072 2333 capri-
1087 2279 1113 2318 aa

60 2345 107 2399 fici
125 2361 220 2414 pones,
241 2346 269 2397 et
287 2343 439 2413 vestigium
457 2344 538 2413 pedis
558 2344 592 2398 de
611 2345 715 2399 cortice
735 2345 795 2399 eius
813 2344 910 2412 tolles,
935 2346 964 2397 et
982 2343 1074 2412 ipsam
1123 2398 1126 2407 ,

61 2424 195 2479 corticem
213 2422 244 2475 in
261 2422 338 2476 fumo
358 2425 518 2492 suspendes.
547 2424 684 2478 lacertam
706 2424 827 2479 viridem
849 2423 880 2477 in
902 2439 969 2476 vase
992 2420 1074 2476 fictili

60 2522 134 2558 novo
158 2503 267 2571 mittes,
292 2507 320 2557 et
343 2521 393 2572 per
415 2503 540 2557 medium
562 2503 650 2558 limen
672 2505 808 2573 pendeat,
835 2502 884 2556 ubi
908 2501 1074 2570 spleniticus

62 2586 166 2652 manet,
186 2585 215 2637 et
233 2583 343 2638 condes.
374 2584 440 2636 dum
458 2582 518 2637 exit
536 2583 595 2638 sive
614 2583 781 2653 ingreditur,
800 2583 876 2637 idem
894 2601 944 2637 vas
963 2584 1074 2651 tangat,

136 2814 362 2867 1111111111).
436 2812 601 2867 3111111111.
682 2813 853 2867 tdiuturnd
873 2816 896 2868 b.
970 2818 1074 2881 tgna-

63 2902 108 2956 bit
129 2904 189 2969 (sic)
211 2903 285 2969 b(=
300 2899 467 2968 generabit).
520 2903 524 2968 l
541 2900 581 2953 sie
596 2887 655 2971 susi.
677 2908 703 2955 s‘s
718 2907 733 2954 e
747 2901 821 2954 hanc
839 2901 971 2969 porcione
986 2908 1032 2955 etc.
1050 2901 1072 2953 11.

64 2976 134 3040 def.
146 2972 236 3025 Marc.
249 2974 412 3039 p.236,26.
508 2970 627 3039 lligato
644 2975 666 3026 b.
772 2971 908 3040 Biplesb.
1001 2969 1074 3023 911-

63 3061 116 3097 nus
136 3045 158 3097 b.
250 3040 401 3109 conspalge
421 3043 443 3095 b.
536 3046 569 3094 10
588 3042 677 3123 11111111
698 3046 708 3094 l
727 3049 810 3095 eruca
829 3045 853 3096 b.
954 3040 1074 3109 1111111-

63 3130 173 3185 neticus
193 3132 216 3184 b.
281 3128 372 3198 Aplen
390 3149 405 3182 r
423 3127 518 3181 media
536 3131 625 3182 tuints
641 3132 663 3184 b.
716 3134 749 3182 14
763 3129 831 3182 teris
847 3131 869 3184 b.
921 3135 954 3183 15
968 3129 1036 3183 teris
1052 3131 1075 3183 b.

67 3208 98 3255 19
117 3201 234 3254 inducto
254 3202 282 3253 et
300 3199 407 3269 iposita
426 3201 450 3253 b.
561 3205 595 3254 20
614 3202 648 3267 cf.
669 3200 752 3254 Marc
777 3217 806 3268 p.
821 3204 885 3268 240,
900 3205 942 3255 31.
1034 3199 1076 3252 in-

65 3274 151 3326 ducta
169 3270 263 3340 iponis
283 3273 305 3325 b.
363 3276 396 3323 22
416 3269 533 3323 inducta
552 3273 575 3325 b.
632 3277 665 3323 23
684 3273 713 3325 11
732 3270 822 3338 spleni
837 3274 860 3326 b.
916 3272 953 3324 ad
968 3271 1038 3324 hora
1053 3273 1075 3325 b.

65 3343 244 3412 2411111111.
298 3342 416 3410 hyemps
431 3342 454 3396 b.
510 3346 544 3394 25
563 3342 597 3408 cf.
613 3342 861 3410 1111112111.
907 3341 1075 3410 2611111111).

65 3412 143 3467 111111
164 3416 187 3467 b.
274 3411 336 3481 ipsa
356 3415 418 3480 (sic)
438 3413 462 3466 b.
554 3418 587 3465 27
607 3411 755 3481 suspendis
774 3414 797 3466 b.
817 3414 851 3479 cf.
872 3413 950 3467 Plio.
971 3430 1014 3481 ap.
1031 3413 1077 3465 Pe.

66 3486 141 3539 Ptin.
160 3486 244 3551 fi42l
263 3491 310 3538 etc.
330 3483 420 3538 Marc.
437 3501 466 3552 p.
481 3485 546 3550 239,
561 3488 603 3537 11.
701 3487 735 3536 28
749 3482 839 3536 mittis
855 3485 878 3538 b.
970 3481 1078 3552 splene-

66 3554 139 3608 ticus
159 3556 182 3609 b.
255 3559 289 3607 29
308 3554 429 3608 eundem
447 3570 497 3607 vas
517 3556 540 3608 b.

866 3640 920 3692 ‘N
