2288 3878
46 158 113 223 264
361 157 739 212 Peenno-rnnononus

47 322 266 383 scarilationem
290 325 413 402 spongia
432 321 524 383 calida
549 323 705 383 cicatrices
727 321 894 400 vaporabis.
922 332 1010 399 certe
1046 327 1076 387 si

46 413 180 472 timuerit
194 411 337 491 scariiari,
352 410 469 472 sedenti
478 408 736 490 superhydrolaeo
753 409 850 476 calido
864 412 989 473 invase
1002 432 1075 475 san-

47 502 188 579 guisugas
202 501 315 578 pectini
328 500 472 578 impones.
508 506 537 559 at
552 501 579 559 si
592 499 705 559 nimius
718 496 803 558 dolor
817 505 1076 584 perseveraverit,

47 588 201 650 adhibebis
211 588 370 649 vehemens
385 595 415 647 et
429 589 697 665 experimentatum
711 585 856 648 indolere
870 590 1074 667 praesidium.

16 677 36 742 3
136 696 204 739 cum
227 678 360 756 coeperit
382 676 484 736 dolore
507 675 669 755 molestari,
693 676 721 735 si
742 682 815 749 ante
835 675 974 738 dolorem
998 697 1073 741 ven·

19 775 93 827 oter
119 768 242 827 minime
271 765 388 844 iecerit,
419 767 460 825 ita
488 763 672 844 clysterizari
694 762 823 824 debebit
864 763 925 826 olei
950 764 996 828 lib
1015 767 1075 849 IS,

47 874 140 935 aquae
171 852 283 915 calidae
311 849 353 913 lib
372 852 392 912 l.
439 860 470 913 et
497 870 565 913 cum
588 858 691 912 venter
714 852 832 932 iecerit,
860 855 967 915 statim
999 866 1075 935 post

48 943 104 1004 boc
127 942 206 1004 aliud
235 942 415 1002 adiutorium
438 940 606 1022 adhibebis,
635 939 664 1000 id
693 947 739 1000 est
765 940 896 1020 anodyni
917 942 1073 1006 coclearia

47 1032 114 1093 duo.
156 1029 236 1111 quod
259 1028 332 1090 solvi
357 1028 477 1090 debebit
495 1031 526 1090 in
550 1028 615 1090 oleo
638 1034 746 1110 rutato,
769 1030 819 1089 cui
841 1031 997 1110 cyminum
1018 1033 1072 1094 ad-

7 1138 33 1179 10
46 1120 188 1182 miscebis
212 1126 241 1179 et
265 1116 353 1179 simul
381 1117 530 1197 decoques
553 1120 584 1177 in
611 1116 733 1177 linteolo
760 1116 884 1196 ligatum
907 1138 979 1180 cum
1003 1139 1071 1182 mo-

47 1209 112 1270 dica
135 1226 223 1288 aqua,
254 1225 321 1267 cum
349 1225 406 1286 qua
430 1207 620 1286 decoquatur.
666 1207 707 1265 ita
735 1213 835 1267 tamen
857 1208 885 1267 si
904 1206 1070 1287 clysterem

46 1297 204 1376 diligenter
224 1298 342 1356 noveris
359 1302 506 1375 eventare,
529 1313 567 1355 ne
586 1300 674 1354 rento
693 1293 778 1354 dolor
795 1296 882 1374 peior
899 1296 1073 1381 adcrescat,

47 1388 147 1445 mittes
166 1383 267 1462 butyri
285 1383 348 1446 ÷1
371 1391 401 1444 et
419 1381 628 1444 commiscebis
647 1385 756 1462 omnia,
779 1390 809 1443 et
832 1385 949 1446 inicies
985 1388 1071 1465 quod

47 1476 73 1534 si
97 1479 164 1532 ante
184 1470 316 1532 dolorem
336 1479 441 1532 venter
461 1472 576 1551 iecerit,
599 1490 636 1532 ex
655 1471 791 1551 anodyno
815 1471 913 1533 oleum
937 1481 1073 1557 tantum,

6 1560 77 1621 reid
101 1567 147 1621 est
170 1560 300 1620 secundo
324 1560 449 1640 clystere
473 1562 546 1621 inici
568 1559 667 1621 oleum
689 1558 777 1620 modo
797 1559 893 1621 debet.
941 1564 974 1622 in
1000 1565 1073 1643 ipso

47 1657 145 1711 autem
168 1647 270 1708 dolore
290 1650 316 1708 si
339 1651 455 1710 ninium
479 1657 599 1710 ventum
618 1647 743 1709 reddere
762 1666 822 1709 non
840 1655 956 1731 potest,
977 1650 1072 1714 lanae

45 1737 212 1800 floccellum
235 1737 424 1817 opobalsamo
442 1737 559 1799 modico
579 1737 709 1798 intusum
733 1739 847 1798 inicies.
882 1737 930 1798 vel
953 1740 981 1799 si
1007 1741 1073 1822 cly-

44 1829 166 1889 terizari
187 1826 330 1908 noluerit,
358 1833 427 1888 sunt
450 1829 530 1887 enim
559 1825 679 1906 quidam
707 1826 759 1905 qui
781 1826 857 1886 banc
881 1843 987 1888 euram
1012 1848 1072 1909 pro

46 1919 118 1978 vitio
142 1919 244 1997 vitent,
269 1918 333 1996 ipse
358 1918 410 1994 qui
432 1918 544 1995 patitur
567 1931 682 1976 summo
701 1912 794 1993 digito
817 1914 969 1976 modicum
995 1936 1072 1980 ano-

5 2022 32 2062 20
46 2005 116 2084 dyni
135 2004 228 2066 semel
247 2014 334 2084 atque
349 2006 458 2065 iterum
476 2023 531 2083 per
545 2023 634 2065 anum
653 2002 712 2063 sibi
731 2004 843 2084 iniciat,
866 2010 896 2063 et
914 2010 1072 2069 cerotario

46 2094 124 2174 quod
149 2094 196 2154 dia
216 2102 351 2155 tessaron
371 2093 480 2153 dicitur
508 2092 642 2153 dolentes
662 2098 761 2170 partes
785 2098 836 2152 aut
858 2093 990 2169 pectinis
1017 2105 1071 2156 aut

118 2270 131 2318 1
153 2263 348 2319 scarifationes
367 2280 389 2317 r.
463 2277 559 2332 vapor.
579 2261 629 2316 cie.
649 2263 708 2331 (sic)
726 2279 749 2317 r.
835 2267 851 2315 2
872 2261 989 2317 timueri
1005 2282 1069 2320 sea·

44 2334 124 2389 n'fari
141 2353 169 2392 r:
190 2334 318 2388 scarifari
336 2331 481 2388 timuerint
496 2334 519 2387 b.
575 2331 700 2387 sedentis
715 2334 738 2388 b.
792 2331 908 2400 ydroleo
928 2332 1027 2390 calidis
1042 2355 1068 2406 r,

45 2405 145 2459 -leon
163 2403 214 2460 eal'
235 2407 259 2460 b.
351 2419 420 2457 vase
440 2405 468 2458 b:
488 2418 539 2457 vas
558 2420 580 2457 r.
663 2403 862 2475 sanguisugias
880 2421 903 2459 r.
973 2406 1066 2463 Bim-

44 2476 168 2544 promise,
187 2483 287 2545 ipones
306 2476 330 2529 b.
422 2474 453 2526 at
471 2489 520 2528 om.
540 2475 564 2528 b.
665 2472 745 2527 dolor
762 2474 849 2529 fuerit
867 2472 1022 2532 adhibebit
1040 2480 1067 2534 b.

45 2551 62 2599 4
80 2545 231 2599 vehemens
250 2545 396 2614 expertum
414 2545 437 2598 b.
511 2549 527 2597 5
547 2543 627 2599 dolor
645 2563 660 2599 r
679 2544 740 2616 (dot
758 2547 792 2616 b).
865 2544 1026 2601 ministrari
1040 2551 1067 2604 b.

43 2618 170 2670 ventrem
183 2617 219 2670 rb
230 2617 303 2684 (item
316 2615 396 2682 infra
409 2618 535 2685 o.7.14).
608 2623 624 2671 6
644 2615 810 2671 elisteriznri
829 2615 946 2670 debebit
963 2617 994 2673 b:
1015 2618 1067 2673 de·

43 2686 124 2742 bobis
143 2684 299 2739 elisteriere
317 2703 339 2739 r.
413 2684 446 2740 Is
464 2704 491 2741 r:
511 2686 529 2740 S
549 2687 573 2740 b.
648 2694 662 2741 7
683 2691 719 2763 ap
736 2687 776 2742 lib
790 2688 811 2744 I.
831 2685 923 2742 eelide
942 2686 1018 2743 inice
1038 2691 1067 2745 b.

31 2762 60 2812 't
77 2756 176 2813 statim
188 2758 233 2812 bic
248 2758 273 2826 b,
290 2762 353 2812 onte
365 2757 493 2810 ventrem
507 2775 529 2812 r.
584 2759 650 2827 post
668 2776 717 2814 om.
739 2761 762 2814 b.
818 2764 834 2813 8
853 2757 884 2811 id
902 2759 947 2812 est
964 2775 1016 2814 ote.
1037 2760 1065 2816 b.

44 2888 60 2936 9
76 2843 141 2937 llo:
156 2881 238 2962 Itee'c)
248 2898 270 2935 r.
345 2879 430 2935 debet
439 2882 463 2950 b,
478 2880 595 2935 debebis
604 2900 627 2938 r.
683 2881 728 2937 eui
740 2881 874 2936 ciminum
883 2880 1066 2941 emiscensr:

45 2971 109 3009 eum
128 2951 231 3007 cimmo
250 2954 275 3007 b.
358 2957 390 3006 10
410 2953 439 3006 et
457 2951 542 3006 simul
560 2951 821 3022 decoquis-ligeto
840 2954 900 3022 (eie)
917 2970 945 3008 r:
965 2968 1017 3008 om.
1038 2956 1065 3011 b.

46 3030 78 3078 11
98 3022 211 3078 elistere
229 3023 300 3078 bene
318 3024 451 3078 evertere
469 3022 581 3078 noveris
601 3026 625 3080 b.
708 3029 741 3077 12
760 3040 796 3078 ne
815 3022 895 3078 dolor
912 3021 994 3105 peior
1012 3024 1065 3080 ed-

45 3096 154 3150 ereseat
171 3112 194 3162 r,
212 3111 248 3148 ne
267 3097 351 3149 vento
370 3092 449 3164 peior
468 3095 548 3151 dolor
566 3096 692 3150 acrescat
711 3096 735 3149 b.
796 3102 827 3149 18
846 3093 937 3148 mittas
955 3093 1063 3163 butyri.

45 3166 75 3222 si
90 3167 118 3220 et
138 3165 297 3220 commisses
317 3165 412 3221 omnia
431 3183 459 3222 r:
483 3165 614 3234 BcButiri
634 3178 669 3223 ÷
683 3164 832 3233 omniaque
851 3164 1017 3219 commisces
1036 3167 1064 3223 b.

45 3236 212 3306 quod—(17)
231 3235 329 3290 inicies
349 3254 398 3293 om.
419 3237 443 3290 b.
501 3242 535 3290 14
554 3253 589 3291 ex
607 3236 737 3305 anodyno
757 3235 818 3290 oleo
837 3237 950 3290 tentum
967 3235 999 3289 id
1018 3241 1066 3292 est

45 3307 167 3363 seeundo
182 3306 292 3362 elistere
306 3306 406 3362 inicies
421 3305 514 3388 oleum
527 3307 610 3362 modo
625 3306 710 3361 debet
720 3308 810 3387 (sicle.
872 3311 904 3360 17
919 3305 1063 3389 iioeellum

43 3377 276 3521 ffiepnpoippssspmo
293 3378 913 3530 rhodripopfflffioopfflssctopegretlappct,
954 3393 1017 3503 mill
1030 3381 1062 3505 b

38 3539 89 3578 ona.
110 3540 132 3578 r.
209 3523 260 3576 eut
278 3523 351 3592 (oete
369 3518 500 3590 pectinis)
519 3537 568 3575 om.
590 3521 613 3574 b.
686 3520 793 3588 pectrm
810 3536 833 3573 r.

4 3790 121 3824 q.
