<?xml version="1.0" encoding="UTF-8"?>
<!DOCTYPE html PUBLIC "-//W3C//DTD XHTML 1.0 Transitional//EN"
    "http://www.w3.org/TR/xhtml1/DTD/xhtml1-transitional.dtd">
<html xmlns="http://www.w3.org/1999/xhtml" xml:lang="en" lang="en">
 <head>
  <title>
</title>
<meta http-equiv="Content-Type" content="text/html;charset=utf-8" />
  <meta name='ocr-system' content='tesseract 3.04.00' />
  <meta name='ocr-capabilities' content='ocr_page ocr_carea ocr_par ocr_line ocrx_word'/>
</head>
<body>
  <div class='ocr_page' id='page_1' title='image "./theodoripriscia00rosegoog_0306.png"; bbox 0 0 2310 3864; ppageno 0'>
   <div class='ocr_carea' id='block_1_1' title="bbox 441 133 1083 197">
    <p class='ocr_par' dir='ltr' id='par_1_1' title="bbox 441 133 1083 197">
     <span class='ocr_line' id='line_1_1' title="bbox 441 133 1083 197; baseline 0 -9"><span class='ocrx_word' id='word_1_1' title='bbox 441 137 717 188; x_wconf 79' lang='lat' dir='ltr'>ADDITAMENTA..</span> <span class='ocrx_word' id='word_1_2' title='bbox 1017 133 1083 197; x_wconf 60' lang='lat'>213</span> 
     </span>
    </p>
   </div>
   <div class='ocr_carea' id='block_1_2' title="bbox 66 292 1111 842">
    <p class='ocr_par' dir='ltr' id='par_1_2' title="bbox 67 292 1083 365">
     <span class='ocr_line' id='line_1_2' title="bbox 67 292 1083 365; baseline -0.003 -14"><span class='ocrx_word' id='word_1_3' title='bbox 67 313 103 352; x_wconf 92' lang='lat' dir='ltr'>ea</span> <span class='ocrx_word' id='word_1_4' title='bbox 130 298 212 365; x_wconf 89' lang='lat' dir='ltr'>parte</span> <span class='ocrx_word' id='word_1_5' title='bbox 240 294 290 349; x_wconf 92' lang='lat' dir='ltr'>nbi</span> <span class='ocrx_word' id='word_1_6' title='bbox 317 292 460 349; x_wconf 73' lang='lat' dir='ltr'>introierit</span> <span class='ocrx_word' id='word_1_7' title='bbox 488 309 571 363; x_wconf 85' lang='lat' dir='ltr'>super</span> <span class='ocrx_word' id='word_1_8' title='bbox 602 310 729 348; x_wconf 89' lang='lat' dir='ltr'>umerum</span> <span class='ocrx_word' id='word_1_9' title='bbox 753 309 848 363; x_wconf 88' lang='lat' dir='ltr'>pones.</span> <span class='ocrx_word' id='word_1_10' title='bbox 887 294 986 348; x_wconf 89' lang='lat' dir='ltr'>eadem</span> <span class='ocrx_word' id='word_1_11' title='bbox 1012 293 1083 348; x_wconf 92' lang='lat' dir='ltr'>hora</span> 
     </span>
    </p>

    <p class='ocr_par' dir='ltr' id='par_1_3' title="bbox 66 372 1083 443">
     <span class='ocr_line' id='line_1_3' title="bbox 66 372 1083 443; baseline -0.001 -13"><span class='ocrx_word' id='word_1_12' title='bbox 66 375 151 432; x_wconf 82' lang='lat' dir='ltr'><strong>exiet.</strong></span> <span class='ocrx_word' id='word_1_13' title='bbox 173 375 197 428; x_wconf 89' lang='lat' dir='ltr'>si</span> <span class='ocrx_word' id='word_1_14' title='bbox 212 375 301 430; x_wconf 88' lang='lat' dir='ltr'>arista</span> <span class='ocrx_word' id='word_1_15' title='bbox 319 373 469 442; x_wconf 76' lang='lat' dir='ltr'>introierit,</span> <span class='ocrx_word' id='word_1_16' title='bbox 487 390 594 443; x_wconf 77' lang='lat' dir='ltr'>pyrene</span> <span class='ocrx_word' id='word_1_17' title='bbox 607 372 695 427; x_wconf 87' lang='lat' dir='ltr'>meles</span> <span class='ocrx_word' id='word_1_18' title='bbox 710 373 745 428; x_wconf 88' lang='lat' dir='ltr'>de</span> <span class='ocrx_word' id='word_1_19' title='bbox 763 373 840 428; x_wconf 83' lang='lat' dir='ltr'>risco</span> <span class='ocrx_word' id='word_1_20' title='bbox 854 391 961 443; x_wconf 80' lang='lat' dir='ltr'>ungues</span> <span class='ocrx_word' id='word_1_21' title='bbox 977 376 1083 429; x_wconf 90' lang='lat' dir='ltr'>etcum</span> 
     </span>
    </p>

    <p class='ocr_par' dir='ltr' id='par_1_4' title="bbox 67 451 1082 512">
     <span class='ocr_line' id='line_1_4' title="bbox 67 451 1082 512; baseline -0.004 0"><span class='ocrx_word' id='word_1_22' title='bbox 67 473 103 512; x_wconf 90' lang='lat' dir='ltr'>ea</span> <span class='ocrx_word' id='word_1_23' title='bbox 127 455 247 510; x_wconf 86' lang='lat' dir='ltr'>aristam</span> <span class='ocrx_word' id='word_1_24' title='bbox 270 457 304 510; x_wconf 93' lang='lat' dir='ltr'>de</span> <span class='ocrx_word' id='word_1_25' title='bbox 328 454 444 509; x_wconf 88' lang='lat' dir='ltr'>auribus</span> <span class='ocrx_word' id='word_1_26' title='bbox 469 452 516 508; x_wconf 84' lang='lat' dir='ltr'>vel</span> <span class='ocrx_word' id='word_1_27' title='bbox 540 452 628 508; x_wconf 89' lang='lat' dir='ltr'>oeulis</span> <span class='ocrx_word' id='word_1_28' title='bbox 653 451 746 508; x_wconf 87' lang='lat' dir='ltr'>tolles.</span> <span class='ocrx_word' id='word_1_29' title='bbox 784 453 914 507; x_wconf 90' lang='lat' dir='ltr'>omnibus</span> <span class='ocrx_word' id='word_1_30' title='bbox 938 452 1082 508; x_wconf 87' lang='lat' dir='ltr'>doloribus</span> 
     </span>
    </p>

    <p class='ocr_par' dir='ltr' id='par_1_5' title="bbox 67 531 1084 602">
     <span class='ocr_line' id='line_1_5' title="bbox 67 531 1084 602; baseline -0.005 -11"><span class='ocrx_word' id='word_1_31' title='bbox 67 536 181 591; x_wconf 91' lang='lat' dir='ltr'>aurium</span> <span class='ocrx_word' id='word_1_32' title='bbox 199 535 269 590; x_wconf 92' lang='lat' dir='ltr'>mire</span> <span class='ocrx_word' id='word_1_33' title='bbox 288 550 444 602; x_wconf 84' lang='lat' dir='ltr'>succurras,</span> <span class='ocrx_word' id='word_1_34' title='bbox 469 533 493 587; x_wconf 88' lang='lat' dir='ltr'>si</span> <span class='ocrx_word' id='word_1_35' title='bbox 512 549 578 586; x_wconf 84' lang='lat' dir='ltr'>mox</span> <span class='ocrx_word' id='word_1_36' title='bbox 601 531 744 586; x_wconf 83' lang='lat' dir='ltr'>dolentem</span> <span class='ocrx_word' id='word_1_37' title='bbox 762 549 858 587; x_wconf 87' lang='lat' dir='ltr'>aurem</span> <span class='ocrx_word' id='word_1_38' title='bbox 877 532 912 586; x_wconf 90' lang='lat' dir='ltr'>de</span> <span class='ocrx_word' id='word_1_39' title='bbox 930 531 997 587; x_wconf 88' lang='lat' dir='ltr'>lana</span> <span class='ocrx_word' id='word_1_40' title='bbox 1016 532 1084 587; x_wconf 91' lang='lat' dir='ltr'>alba</span> 
     </span>
    </p>

    <p class='ocr_par' dir='ltr' id='par_1_6' title="bbox 68 610 1111 683">
     <span class='ocr_line' id='line_1_6' title="bbox 68 610 1111 683; baseline -0.003 -14"><span class='ocrx_word' id='word_1_41' title='bbox 68 615 170 670; x_wconf 90' lang='lat' dir='ltr'>sucida</span> <span class='ocrx_word' id='word_1_42' title='bbox 189 614 314 683; x_wconf 88' lang='lat' dir='ltr'>claudas,</span> <span class='ocrx_word' id='word_1_43' title='bbox 333 616 473 682; x_wconf 88' lang='lat' dir='ltr'>utusque</span> <span class='ocrx_word' id='word_1_44' title='bbox 492 613 529 668; x_wconf 91' lang='lat' dir='ltr'>ad</span> <span class='ocrx_word' id='word_1_45' title='bbox 548 611 702 666; x_wconf 88' lang='lat' dir='ltr'>sanitatem</span> <span class='ocrx_word' id='word_1_46' title='bbox 720 610 818 668; x_wconf 86' lang='lat' dir='ltr'>clausa</span> <span class='ocrx_word' id='word_1_47' title='bbox 835 613 1008 682; x_wconf 84' lang='lat' dir='ltr'>permaneat.</span> <span class='ocrx_word' id='word_1_48' title='bbox 1099 627 1111 666; x_wconf 86' lang='lat'>5</span> 
     </span>
    </p>

    <p class='ocr_par' dir='ltr' id='par_1_7' title="bbox 68 690 1085 842">
     <span class='ocr_line' id='line_1_7' title="bbox 68 690 1085 765; baseline -0.006 -15"><span class='ocrx_word' id='word_1_49' title='bbox 68 698 126 750; x_wconf 73' lang='lat' dir='ltr'>cum</span> <span class='ocrx_word' id='word_1_50' title='bbox 149 697 271 765; x_wconf 74' lang='lat' dir='ltr'>seqnitur</span> <span class='ocrx_word' id='word_1_51' title='bbox 294 697 325 750; x_wconf 79' lang='lat' dir='ltr'>iu</span> <span class='ocrx_word' id='word_1_52' title='bbox 348 696 384 750; x_wconf 81' lang='lat' dir='ltr'>br</span> <span class='ocrx_word' id='word_1_53' title='bbox 405 692 734 763; x_wconf 79' lang='lat' dir='ltr'>(iteminc)eap.1,9</span> <span class='ocrx_word' id='word_1_54' title='bbox 757 692 803 746; x_wconf 92' lang='lat' dir='ltr'>De</span> <span class='ocrx_word' id='word_1_55' title='bbox 821 690 995 762; x_wconf 90' lang='lat' dir='ltr'>parotidis</span> <span class='ocrx_word' id='word_1_56' title='bbox 1016 691 1085 761; x_wconf 85' lang='lat' dir='ltr'>(Tu-</span> 
     </span>
     <span class='ocr_line' id='line_1_8' title="bbox 399 771 755 842; baseline 0 -16"><span class='ocrx_word' id='word_1_57' title='bbox 399 789 490 827; x_wconf 91' lang='lat' dir='ltr'>mores</span> <span class='ocrx_word' id='word_1_58' title='bbox 508 771 714 842; x_wconf 87' lang='lat' dir='ltr'>repentinos..</span> <span class='ocrx_word' id='word_1_59' title='bbox 731 775 755 842; x_wconf 84' lang='lat'>.).</span> 
     </span>
    </p>
   </div>
   <div class='ocr_carea' id='block_1_3' title="bbox 59 887 1136 1672">
    <p class='ocr_par' dir='ltr' id='par_1_8' title="bbox 59 887 1048 1037">
     <span class='ocr_line' id='line_1_9' title="bbox 59 887 1048 958; baseline -0.002 -16"><span class='ocrx_word' id='word_1_60' title='bbox 59 937 64 948; x_wconf 82' lang='lat'>,</span> <span class='ocrx_word' id='word_1_61' title='bbox 105 890 152 944; x_wconf 78' lang='lat' dir='ltr'>Aa</span> <span class='ocrx_word' id='word_1_62' title='bbox 165 890 190 956; x_wconf 88' lang='lat' dir='ltr'>I,</span> <span class='ocrx_word' id='word_1_63' title='bbox 205 893 224 944; x_wconf 88' lang='lat'><strong><em>9</em></strong></span> <span class='ocrx_word' id='word_1_64' title='bbox 239 892 298 958; x_wconf 81' lang='lat'><em>(24)</em></span> <span class='ocrx_word' id='word_1_65' title='bbox 318 888 364 942; x_wconf 92' lang='lat' dir='ltr'>De</span> <span class='ocrx_word' id='word_1_66' title='bbox 382 887 556 956; x_wconf 90' lang='lat' dir='ltr'>parotidis</span> <span class='ocrx_word' id='word_1_67' title='bbox 571 889 645 956; x_wconf 84' lang='lat' dir='ltr'>(post</span> <span class='ocrx_word' id='word_1_68' title='bbox 659 890 725 941; x_wconf 75' lang='lat' dir='ltr'>sunt</span> <span class='ocrx_word' id='word_1_69' title='bbox 739 887 881 941; x_wconf 87' lang='lat' dir='ltr'>adiutoria</span> <span class='ocrx_word' id='word_1_70' title='bbox 899 887 970 941; x_wconf 91' lang='lat' dir='ltr'>haec</span> <span class='ocrx_word' id='word_1_71' title='bbox 984 902 1048 941; x_wconf 86' lang='lat' dir='ltr'>evo-</span> 
     </span>
     <span class='ocr_line' id='line_1_10' title="bbox 379 967 779 1037; baseline 0.003 -16"><span class='ocrx_word' id='word_1_72' title='bbox 379 967 488 1022; x_wconf 88' lang='lat' dir='ltr'>catoria</span> <span class='ocrx_word' id='word_1_73' title='bbox 503 1011 508 1021; x_wconf 92' lang='lat'>.</span> <span class='ocrx_word' id='word_1_74' title='bbox 526 1011 552 1022; x_wconf 91' lang='lat'>..</span> <span class='ocrx_word' id='word_1_75' title='bbox 573 970 779 1037; x_wconf 83' lang='lat' dir='ltr'>evocaverunt).</span> 
     </span>
    </p>

    <p class='ocr_par' dir='ltr' id='par_1_9' title="bbox 68 1041 1136 1672">
     <span class='ocr_line' id='line_1_11' title="bbox 134 1041 1136 1117; baseline -0.009 -14"><span class='ocrx_word' id='word_1_76' title='bbox 134 1049 237 1103; x_wconf 80' lang='lat' dir='ltr'>Serum</span> <span class='ocrx_word' id='word_1_77' title='bbox 246 1047 393 1117; x_wconf 88' lang='lat' dir='ltr'>caprinum</span> <span class='ocrx_word' id='word_1_78' title='bbox 401 1046 447 1102; x_wconf 89' lang='lat' dir='ltr'>vel</span> <span class='ocrx_word' id='word_1_79' title='bbox 457 1045 575 1101; x_wconf 83' lang='lat' dir='ltr'>ovillum</span> <span class='ocrx_word' id='word_1_80' title='bbox 585 1063 649 1101; x_wconf 90' lang='lat' dir='ltr'>cnm</span> <span class='ocrx_word' id='word_1_81' title='bbox 659 1046 718 1101; x_wconf 87' lang='lat' dir='ltr'>sale</span> <span class='ocrx_word' id='word_1_82' title='bbox 729 1046 893 1115; x_wconf 87' lang='lat' dir='ltr'>impositum</span> <span class='ocrx_word' id='word_1_83' title='bbox 901 1045 1081 1116; x_wconf 89' lang='lat' dir='ltr'>parotides</span> <span class='ocrx_word' id='word_1_84' title='bbox 1092 1041 1136 1111; x_wconf 85' lang='lat' dir='ltr'>(X)</span> 
     </span>
     <span class='ocr_line' id='line_1_12' title="bbox 68 1124 1124 1198; baseline -0.009 -16"><span class='ocrx_word' id='word_1_85' title='bbox 68 1128 184 1198; x_wconf 87' lang='lat' dir='ltr'>aperit</span> <span class='ocrx_word' id='word_1_86' title='bbox 204 1131 238 1183; x_wconf 91' lang='lat' dir='ltr'>et</span> <span class='ocrx_word' id='word_1_87' title='bbox 256 1130 365 1182; x_wconf 87' lang='lat' dir='ltr'>sanat.</span> <span class='ocrx_word' id='word_1_88' title='bbox 393 1127 447 1180; x_wconf 90' lang='lat' dir='ltr'>hoc</span> <span class='ocrx_word' id='word_1_89' title='bbox 466 1126 619 1181; x_wconf 88' lang='lat' dir='ltr'>cuiuslibet</span> <span class='ocrx_word' id='word_1_90' title='bbox 631 1125 749 1195; x_wconf 88' lang='lat' dir='ltr'>pecudis</span> <span class='ocrx_word' id='word_1_91' title='bbox 763 1126 841 1180; x_wconf 84' lang='lat' dir='ltr'>facit.</span> <span class='ocrx_word' id='word_1_92' title='bbox 869 1126 966 1179; x_wconf 89' lang='lat' dir='ltr'><strong>fimum</strong></span> <span class='ocrx_word' id='word_1_93' title='bbox 980 1124 1084 1180; x_wconf 88' lang='lat' dir='ltr'>colum·</span> <span class='ocrx_word' id='word_1_94' title='bbox 1099 1138 1124 1174; x_wconf 85' lang='lat'>11</span> 
     </span>
     <span class='ocr_line' id='line_1_13' title="bbox 69 1205 1084 1277; baseline -0.003 -16"><span class='ocrx_word' id='word_1_95' title='bbox 69 1209 168 1261; x_wconf 92' lang='lat' dir='ltr'>binum</span> <span class='ocrx_word' id='word_1_96' title='bbox 192 1225 243 1277; x_wconf 93' lang='lat' dir='ltr'>per</span> <span class='ocrx_word' id='word_1_97' title='bbox 266 1224 295 1262; x_wconf 87' lang='lat' dir='ltr'>se</span> <span class='ocrx_word' id='word_1_98' title='bbox 318 1206 363 1261; x_wconf 88' lang='lat' dir='ltr'>vel</span> <span class='ocrx_word' id='word_1_99' title='bbox 388 1223 452 1260; x_wconf 90' lang='lat' dir='ltr'>cum</span> <span class='ocrx_word' id='word_1_100' title='bbox 478 1205 571 1260; x_wconf 84' lang='lat' dir='ltr'>farina</span> <span class='ocrx_word' id='word_1_101' title='bbox 593 1205 694 1259; x_wconf 90' lang='lat' dir='ltr'>hordei</span> <span class='ocrx_word' id='word_1_102' title='bbox 716 1205 888 1275; x_wconf 88' lang='lat' dir='ltr'>impositum.</span> <span class='ocrx_word' id='word_1_103' title='bbox 924 1205 1084 1259; x_wconf 83' lang='lat' dir='ltr'>hirundinis</span> 
     </span>
     <span class='ocr_line' id='line_1_14' title="bbox 68 1284 1085 1354; baseline -0.005 -12"><span class='ocrx_word' id='word_1_104' title='bbox 68 1290 198 1342; x_wconf 85' lang='lat' dir='ltr'>ventrem</span> <span class='ocrx_word' id='word_1_105' title='bbox 221 1304 285 1341; x_wconf 92' lang='lat' dir='ltr'>cum</span> <span class='ocrx_word' id='word_1_106' title='bbox 308 1285 418 1340; x_wconf 88' lang='lat' dir='ltr'>calamo</span> <span class='ocrx_word' id='word_1_107' title='bbox 441 1286 529 1340; x_wconf 89' lang='lat' dir='ltr'>findes</span> <span class='ocrx_word' id='word_1_108' title='bbox 549 1288 578 1340; x_wconf 91' lang='lat' dir='ltr'>et</span> <span class='ocrx_word' id='word_1_109' title='bbox 601 1284 643 1338; x_wconf 92' lang='lat' dir='ltr'>ibi</span> <span class='ocrx_word' id='word_1_110' title='bbox 665 1284 780 1354; x_wconf 75' lang='lat' dir='ltr'>lapillos</span> <span class='ocrx_word' id='word_1_111' title='bbox 803 1284 942 1354; x_wconf 85' lang='lat' dir='ltr'>invenies,</span> <span class='ocrx_word' id='word_1_112' title='bbox 966 1301 1036 1352; x_wconf 90' lang='lat' dir='ltr'>quos</span> <span class='ocrx_word' id='word_1_113' title='bbox 1055 1284 1085 1337; x_wconf 92' lang='lat' dir='ltr'>in</span> 
     </span>
     <span class='ocr_line' id='line_1_15' title="bbox 69 1363 1083 1435; baseline -0.001 -16"><span class='ocrx_word' id='word_1_114' title='bbox 69 1366 168 1435; x_wconf 89' lang='lat' dir='ltr'>lupino</span> <span class='ocrx_word' id='word_1_115' title='bbox 189 1382 273 1419; x_wconf 91' lang='lat' dir='ltr'>aureo</span> <span class='ocrx_word' id='word_1_116' title='bbox 293 1365 356 1433; x_wconf 89' lang='lat' dir='ltr'>quis</span> <span class='ocrx_word' id='word_1_117' title='bbox 370 1367 472 1434; x_wconf 89' lang='lat' dir='ltr'>portet.</span> <span class='ocrx_word' id='word_1_118' title='bbox 505 1364 574 1418; x_wconf 88' lang='lat' dir='ltr'>fieus</span> <span class='ocrx_word' id='word_1_119' title='bbox 593 1363 682 1418; x_wconf 88' lang='lat' dir='ltr'>siccas</span> <span class='ocrx_word' id='word_1_120' title='bbox 701 1365 732 1418; x_wconf 91' lang='lat' dir='ltr'>in</span> <span class='ocrx_word' id='word_1_121' title='bbox 751 1381 825 1433; x_wconf 87' lang='lat' dir='ltr'>aqua</span> <span class='ocrx_word' id='word_1_122' title='bbox 844 1365 991 1433; x_wconf 89' lang='lat' dir='ltr'>decoques,</span> <span class='ocrx_word' id='word_1_123' title='bbox 1010 1367 1083 1419; x_wconf 90' lang='lat' dir='ltr'>teres</span> 
     </span>
     <span class='ocr_line' id='line_1_16' title="bbox 69 1443 1125 1515; baseline 0 -17"><span class='ocrx_word' id='word_1_124' title='bbox 69 1448 99 1498; x_wconf 92' lang='lat' dir='ltr'>et</span> <span class='ocrx_word' id='word_1_125' title='bbox 127 1445 268 1513; x_wconf 83' lang='lat' dir='ltr'>impones,</span> <span class='ocrx_word' id='word_1_126' title='bbox 296 1443 440 1514; x_wconf 88' lang='lat' dir='ltr'>parotides</span> <span class='ocrx_word' id='word_1_127' title='bbox 470 1443 594 1499; x_wconf 89' lang='lat' dir='ltr'>discutit.</span> <span class='ocrx_word' id='word_1_128' title='bbox 641 1447 719 1500; x_wconf 88' lang='lat' dir='ltr'>creta</span> <span class='ocrx_word' id='word_1_129' title='bbox 746 1461 810 1498; x_wconf 91' lang='lat' dir='ltr'>cum</span> <span class='ocrx_word' id='word_1_130' title='bbox 833 1448 913 1503; x_wconf 87' lang='lat' dir='ltr'>aceto</span> <span class='ocrx_word' id='word_1_131' title='bbox 941 1444 1083 1515; x_wconf 90' lang='lat' dir='ltr'>imposita.</span> <span class='ocrx_word' id='word_1_132' title='bbox 1100 1454 1125 1494; x_wconf 84' lang='lat'>15</span> 
     </span>
     <span class='ocr_line' id='line_1_17' title="bbox 69 1522 1085 1594; baseline 0.003 -18"><span class='ocrx_word' id='word_1_133' title='bbox 69 1523 207 1592; x_wconf 83' lang='lat' dir='ltr'>plantago</span> <span class='ocrx_word' id='word_1_134' title='bbox 222 1540 295 1590; x_wconf 91' lang='lat' dir='ltr'>cum</span> <span class='ocrx_word' id='word_1_135' title='bbox 318 1522 443 1592; x_wconf 82' lang='lat' dir='ltr'>axungia</span> <span class='ocrx_word' id='word_1_136' title='bbox 466 1523 542 1579; x_wconf 86' lang='lat' dir='ltr'>trita.</span> <span class='ocrx_word' id='word_1_137' title='bbox 586 1524 683 1577; x_wconf 89' lang='lat' dir='ltr'>fimum</span> <span class='ocrx_word' id='word_1_138' title='bbox 706 1524 851 1593; x_wconf 90' lang='lat' dir='ltr'>caprinum</span> <span class='ocrx_word' id='word_1_139' title='bbox 873 1542 937 1579; x_wconf 90' lang='lat' dir='ltr'>cum</span> <span class='ocrx_word' id='word_1_140' title='bbox 960 1525 1085 1594; x_wconf 79' lang='lat' dir='ltr'>axungia</span> 
     </span>
     <span class='ocr_line' id='line_1_18' title="bbox 70 1601 800 1672; baseline 0.007 -18"><span class='ocrx_word' id='word_1_141' title='bbox 70 1601 185 1656; x_wconf 88' lang='lat' dir='ltr'>illinito.</span> <span class='ocrx_word' id='word_1_142' title='bbox 222 1601 292 1655; x_wconf 91' lang='lat' dir='ltr'>item</span> <span class='ocrx_word' id='word_1_143' title='bbox 311 1601 402 1656; x_wconf 89' lang='lat' dir='ltr'>scribe</span> <span class='ocrx_word' id='word_1_144' title='bbox 420 1601 451 1656; x_wconf 91' lang='lat' dir='ltr'>in</span> <span class='ocrx_word' id='word_1_145' title='bbox 469 1601 563 1657; x_wconf 89' lang='lat' dir='ltr'>locum</span> <span class='ocrx_word' id='word_1_146' title='bbox 580 1602 673 1672; x_wconf 88' lang='lat' dir='ltr'>ipsum</span> <span class='ocrx_word' id='word_1_147' title='bbox 690 1620 800 1672; x_wconf 79' lang='lat' dir='ltr'>xuoyx.</span> 
     </span>
    </p>
   </div>
   <div class='ocr_carea' id='block_1_4' title="bbox 69 1708 1124 2175">
    <p class='ocr_par' dir='ltr' id='par_1_10' title="bbox 69 1708 1124 2175">
     <span class='ocr_line' id='line_1_19' title="bbox 98 1708 1065 1781; baseline 0.003 -20"><span class='ocrx_word' id='word_1_148' title='bbox 98 1708 145 1762; x_wconf 79' lang='lat' dir='ltr'>Aa</span> <span class='ocrx_word' id='word_1_149' title='bbox 163 1708 234 1762; x_wconf 77' lang='lat' dir='ltr'>idem</span> <span class='ocrx_word' id='word_1_150' title='bbox 252 1725 311 1776; x_wconf 86' lang='lat' dir='ltr'>cap.</span> <span class='ocrx_word' id='word_1_151' title='bbox 325 1709 355 1775; x_wconf 91' lang='lat' dir='ltr'>I,</span> <span class='ocrx_word' id='word_1_152' title='bbox 370 1714 387 1763; x_wconf 85' lang='lat'><strong><em>9</em></strong></span> <span class='ocrx_word' id='word_1_153' title='bbox 404 1712 452 1778; x_wconf 84' lang='lat'>(25</span> <span class='ocrx_word' id='word_1_154' title='bbox 466 1715 530 1778; x_wconf 81' lang='lat' dir='ltr'>pest</span> <span class='ocrx_word' id='word_1_155' title='bbox 548 1708 679 1764; x_wconf 89' lang='lat' dir='ltr'>similiter</span> <span class='ocrx_word' id='word_1_156' title='bbox 696 1709 783 1764; x_wconf 86' lang='lat' dir='ltr'>faciet</span> <span class='ocrx_word' id='word_1_157' title='bbox 801 1712 825 1779; x_wconf 91' lang='lat' dir='ltr'>b,</span> <span class='ocrx_word' id='word_1_158' title='bbox 845 1719 909 1781; x_wconf 82' lang='lat' dir='ltr'>post</span> <span class='ocrx_word' id='word_1_159' title='bbox 926 1710 1013 1765; x_wconf 88' lang='lat' dir='ltr'>uteris</span> <span class='ocrx_word' id='word_1_160' title='bbox 1032 1714 1065 1780; x_wconf 80' lang='lat' dir='ltr'>r).</span> 
     </span>
     <span class='ocr_line' id='line_1_20' title="bbox 141 1786 744 1857; baseline 0.003 -17"><span class='ocrx_word' id='word_1_161' title='bbox 141 1787 229 1841; x_wconf 83' lang='lat' dir='ltr'>Aliud</span> <span class='ocrx_word' id='word_1_162' title='bbox 247 1788 286 1855; x_wconf 90' lang='lat' dir='ltr'>de</span> <span class='ocrx_word' id='word_1_163' title='bbox 305 1787 467 1857; x_wconf 88' lang='lat' dir='ltr'>expertis.</span> <span class='ocrx_word' id='word_1_164' title='bbox 743 1786 744 1790; x_wconf 69' lang='grc'>’</span> 
     </span>
     <span class='ocr_line' id='line_1_21' title="bbox 141 1867 1124 1937; baseline 0.003 -16"><span class='ocrx_word' id='word_1_165' title='bbox 141 1867 187 1922; x_wconf 91' lang='lat' dir='ltr'>die</span> <span class='ocrx_word' id='word_1_166' title='bbox 206 1867 279 1922; x_wconf 84' lang='lat' dir='ltr'>iovis</span> <span class='ocrx_word' id='word_1_167' title='bbox 298 1868 418 1937; x_wconf 91' lang='lat' dir='ltr'>prendes</span> <span class='ocrx_word' id='word_1_168' title='bbox 437 1867 547 1937; x_wconf 87' lang='lat' dir='ltr'>talpam</span> <span class='ocrx_word' id='word_1_169' title='bbox 565 1868 661 1923; x_wconf 80' lang='lat' dir='ltr'>vivam</span> <span class='ocrx_word' id='word_1_170' title='bbox 679 1871 708 1924; x_wconf 92' lang='lat' dir='ltr'>et</span> <span class='ocrx_word' id='word_1_171' title='bbox 726 1868 822 1923; x_wconf 88' lang='lat' dir='ltr'>mittes</span> <span class='ocrx_word' id='word_1_172' title='bbox 836 1869 868 1922; x_wconf 90' lang='lat' dir='ltr'>in</span> <span class='ocrx_word' id='word_1_173' title='bbox 881 1870 986 1924; x_wconf 88' lang='lat' dir='ltr'>cacabo</span> <span class='ocrx_word' id='word_1_174' title='bbox 1000 1885 1082 1924; x_wconf 85' lang='lat' dir='ltr'>novo.</span> <span class='ocrx_word' id='word_1_175' title='bbox 1098 1879 1124 1918; x_wconf 73' lang='lat'>2⁰</span> 
     </span>
     <span class='ocr_line' id='line_1_22' title="bbox 71 1946 1084 2017; baseline 0.002 -17"><span class='ocrx_word' id='word_1_176' title='bbox 71 1947 177 2002; x_wconf 81' lang='lat' dir='ltr'>adicies</span> <span class='ocrx_word' id='word_1_177' title='bbox 197 1950 226 2002; x_wconf 89' lang='lat' dir='ltr'>et</span> <span class='ocrx_word' id='word_1_178' title='bbox 245 1946 300 2002; x_wconf 90' lang='lat' dir='ltr'>olei</span> <span class='ocrx_word' id='word_1_179' title='bbox 319 1947 416 2002; x_wconf 86' lang='lat' dir='ltr'>calicis</span> <span class='ocrx_word' id='word_1_180' title='bbox 435 1947 580 2016; x_wconf 92' lang='lat' dir='ltr'>potionem</span> <span class='ocrx_word' id='word_1_181' title='bbox 598 1951 628 2002; x_wconf 91' lang='lat' dir='ltr'>et</span> <span class='ocrx_word' id='word_1_182' title='bbox 645 1964 732 2017; x_wconf 89' lang='lat' dir='ltr'>pones</span> <span class='ocrx_word' id='word_1_183' title='bbox 752 1964 835 2017; x_wconf 88' lang='lat' dir='ltr'>super</span> <span class='ocrx_word' id='word_1_184' title='bbox 852 1947 959 2016; x_wconf 89' lang='lat' dir='ltr'>focum,</span> <span class='ocrx_word' id='word_1_185' title='bbox 982 1964 1084 2016; x_wconf 90' lang='lat' dir='ltr'>quous·</span> 
     </span>
     <span class='ocr_line' id='line_1_23' title="bbox 69 2026 1084 2098; baseline 0.003 -19"><span class='ocrx_word' id='word_1_186' title='bbox 69 2044 123 2094; x_wconf 89' lang='lat' dir='ltr'>que</span> <span class='ocrx_word' id='word_1_187' title='bbox 143 2027 224 2096; x_wconf 81' lang='lat' dir='ltr'>talpa</span> <span class='ocrx_word' id='word_1_188' title='bbox 243 2029 272 2080; x_wconf 91' lang='lat' dir='ltr'>et</span> <span class='ocrx_word' id='word_1_189' title='bbox 295 2027 389 2082; x_wconf 93' lang='lat' dir='ltr'>oleum</span> <span class='ocrx_word' id='word_1_190' title='bbox 411 2027 442 2080; x_wconf 89' lang='lat' dir='ltr'>in</span> <span class='ocrx_word' id='word_1_191' title='bbox 464 2026 641 2082; x_wconf 82' lang='lat' dir='ltr'>medicamen</span> <span class='ocrx_word' id='word_1_192' title='bbox 659 2030 847 2084; x_wconf 87' lang='lat' dir='ltr'>convertatur.</span> <span class='ocrx_word' id='word_1_193' title='bbox 885 2031 915 2082; x_wconf 91' lang='lat' dir='ltr'>et</span> <span class='ocrx_word' id='word_1_194' title='bbox 932 2029 1084 2098; x_wconf 78' lang='lat' dir='ltr'>unguendo</span> 
     </span>
     <span class='ocr_line' id='line_1_24' title="bbox 69 2105 459 2175; baseline 0.005 -16"><span class='ocrx_word' id='word_1_195' title='bbox 69 2105 214 2175; x_wconf 89' lang='lat' dir='ltr'>parotides</span> <span class='ocrx_word' id='word_1_196' title='bbox 233 2106 350 2162; x_wconf 88' lang='lat' dir='ltr'>mirifice</span> <span class='ocrx_word' id='word_1_197' title='bbox 369 2124 459 2161; x_wconf 88' lang='lat' dir='ltr'>curas.</span> 
     </span>
    </p>
   </div>
   <div class='ocr_carea' id='block_1_5' title="bbox 69 2213 1136 2586">
    <p class='ocr_par' dir='ltr' id='par_1_11' title="bbox 69 2213 1136 2586">
     <span class='ocr_line' id='line_1_25' title="bbox 105 2213 1047 2283; baseline 0.001 -17"><span class='ocrx_word' id='word_1_198' title='bbox 105 2213 152 2267; x_wconf 81' lang='lat' dir='ltr'>Aa</span> <span class='ocrx_word' id='word_1_199' title='bbox 165 2213 191 2279; x_wconf 90' lang='lat' dir='ltr'>I,</span> <span class='ocrx_word' id='word_1_200' title='bbox 206 2217 241 2267; x_wconf 86' lang='lat'>10</span> <span class='ocrx_word' id='word_1_201' title='bbox 257 2216 317 2281; x_wconf 80' lang='lat'><em>(26)</em></span> <span class='ocrx_word' id='word_1_202' title='bbox 337 2214 383 2268; x_wconf 88' lang='lat' dir='ltr'>De</span> <span class='ocrx_word' id='word_1_203' title='bbox 402 2213 620 2269; x_wconf 87' lang='lat' dir='ltr'>ferbnnculia</span> <span class='ocrx_word' id='word_1_204' title='bbox 635 2216 709 2283; x_wconf 84' lang='lat' dir='ltr'>(post</span> <span class='ocrx_word' id='word_1_205' title='bbox 727 2213 901 2267; x_wconf 83' lang='lat' dir='ltr'>consuetudo</span> <span class='ocrx_word' id='word_1_206' title='bbox 915 2213 1047 2282; x_wconf 87' lang='lat' dir='ltr'>edocuit).</span> 
     </span>
     <span class='ocr_line' id='line_1_26' title="bbox 142 2285 1136 2363; baseline 0.003 -19"><span class='ocrx_word' id='word_1_207' title='bbox 142 2290 307 2346; x_wconf 87' lang='lat' dir='ltr'>Medicinali</span> <span class='ocrx_word' id='word_1_208' title='bbox 327 2291 418 2362; x_wconf 78' lang='lat' dir='ltr'>digito</span> <span class='ocrx_word' id='word_1_209' title='bbox 436 2293 555 2347; x_wconf 89' lang='lat' dir='ltr'>herbam</span> <span class='ocrx_word' id='word_1_210' title='bbox 571 2291 768 2363; x_wconf 85' lang='lat' dir='ltr'>plantaginem</span> <span class='ocrx_word' id='word_1_211' title='bbox 791 2291 881 2346; x_wconf 89' lang='lat' dir='ltr'>exime</span> <span class='ocrx_word' id='word_1_212' title='bbox 900 2294 929 2346; x_wconf 91' lang='lat' dir='ltr'>et</span> <span class='ocrx_word' id='word_1_213' title='bbox 947 2291 978 2345; x_wconf 91' lang='lat' dir='ltr'>in</span> <span class='ocrx_word' id='word_1_214' title='bbox 995 2291 1084 2347; x_wconf 89' lang='lat' dir='ltr'>linteo</span> <span class='ocrx_word' id='word_1_215' title='bbox 1096 2285 1136 2355; x_wconf 82' lang='grc' dir='ltr'>(Χῖ</span> 
     </span>
     <span class='ocr_line' id='line_1_27' title="bbox 69 2370 1124 2440; baseline -0.003 -17"><span class='ocrx_word' id='word_1_216' title='bbox 69 2371 131 2424; x_wconf 91' lang='lat' dir='ltr'>loco</span> <span class='ocrx_word' id='word_1_217' title='bbox 153 2371 300 2439; x_wconf 91' lang='lat' dir='ltr'>suspende.</span> <span class='ocrx_word' id='word_1_218' title='bbox 338 2371 450 2426; x_wconf 88' lang='lat' dir='ltr'>cocleae</span> <span class='ocrx_word' id='word_1_219' title='bbox 468 2371 594 2426; x_wconf 88' lang='lat' dir='ltr'>minutae</span> <span class='ocrx_word' id='word_1_220' title='bbox 613 2371 735 2440; x_wconf 90' lang='lat' dir='ltr'>quaein</span> <span class='ocrx_word' id='word_1_221' title='bbox 754 2370 888 2425; x_wconf 87' lang='lat' dir='ltr'>salicibus</span> <span class='ocrx_word' id='word_1_222' title='bbox 902 2370 1085 2425; x_wconf 84' lang='lat' dir='ltr'>inveniuntur</span> <span class='ocrx_word' id='word_1_223' title='bbox 1098 2382 1124 2421; x_wconf 79' lang='lat' dir='ltr'>aa</span> 
     </span>
     <span class='ocr_line' id='line_1_28' title="bbox 69 2450 1084 2520; baseline -0.001 -16"><span class='ocrx_word' id='word_1_224' title='bbox 69 2468 134 2504; x_wconf 89' lang='lat' dir='ltr'>cum</span> <span class='ocrx_word' id='word_1_225' title='bbox 152 2450 234 2504; x_wconf 88' lang='lat' dir='ltr'>testis</span> <span class='ocrx_word' id='word_1_226' title='bbox 254 2451 311 2504; x_wconf 92' lang='lat' dir='ltr'>suis</span> <span class='ocrx_word' id='word_1_227' title='bbox 330 2451 417 2506; x_wconf 88' lang='lat' dir='ltr'>tritae</span> <span class='ocrx_word' id='word_1_228' title='bbox 436 2455 465 2506; x_wconf 92' lang='lat' dir='ltr'>et</span> <span class='ocrx_word' id='word_1_229' title='bbox 483 2451 633 2520; x_wconf 89' lang='lat' dir='ltr'>impositae</span> <span class='ocrx_word' id='word_1_230' title='bbox 650 2451 830 2506; x_wconf 88' lang='lat' dir='ltr'>ferbuneulos</span> <span class='ocrx_word' id='word_1_231' title='bbox 849 2453 878 2505; x_wconf 88' lang='lat' dir='ltr'>et</span> <span class='ocrx_word' id='word_1_232' title='bbox 897 2453 1017 2506; x_wconf 88' lang='lat' dir='ltr'>strumas</span> <span class='ocrx_word' id='word_1_233' title='bbox 1037 2467 1084 2504; x_wconf 90' lang='lat' dir='ltr'>cu-</span> 
     </span>
     <span class='ocr_line' id='line_1_29' title="bbox 69 2529 1084 2586; baseline 0.002 -4"><span class='ocrx_word' id='word_1_234' title='bbox 69 2532 140 2583; x_wconf 89' lang='lat' dir='ltr'>rant.</span> <span class='ocrx_word' id='word_1_235' title='bbox 180 2529 275 2585; x_wconf 91' lang='lat' dir='ltr'>fimum</span> <span class='ocrx_word' id='word_1_236' title='bbox 293 2531 485 2586; x_wconf 87' lang='lat' dir='ltr'>columbinum</span> <span class='ocrx_word' id='word_1_237' title='bbox 503 2548 567 2585; x_wconf 90' lang='lat' dir='ltr'>cum</span> <span class='ocrx_word' id='word_1_238' title='bbox 586 2533 666 2586; x_wconf 90' lang='lat' dir='ltr'>aceto</span> <span class='ocrx_word' id='word_1_239' title='bbox 685 2532 785 2586; x_wconf 88' lang='lat' dir='ltr'>tritum</span> <span class='ocrx_word' id='word_1_240' title='bbox 804 2533 832 2585; x_wconf 95' lang='lat' dir='ltr'>et</span> <span class='ocrx_word' id='word_1_241' title='bbox 846 2530 968 2586; x_wconf 89' lang='lat' dir='ltr'>farinam</span> <span class='ocrx_word' id='word_1_242' title='bbox 984 2530 1084 2585; x_wconf 88' lang='lat' dir='ltr'>hordei</span> 
     </span>
    </p>
   </div>
   <div class='ocr_carea' id='block_1_6' title="bbox 69 2732 1083 2945">
    <p class='ocr_par' dir='ltr' id='par_1_12' title="bbox 69 2732 1083 2945">
     <span class='ocr_line' id='line_1_30' title="bbox 141 2732 1083 2803; baseline 0 -17"><span class='ocrx_word' id='word_1_243' title='bbox 141 2739 283 2802; x_wconf 65' lang='lat' dir='ltr'>apyrena</span> <span class='ocrx_word' id='word_1_244' title='bbox 300 2733 394 2788; x_wconf 87' lang='lat' dir='ltr'>mellis</span> <span class='ocrx_word' id='word_1_245' title='bbox 413 2736 438 2802; x_wconf 90' lang='lat' dir='ltr'>b,</span> <span class='ocrx_word' id='word_1_246' title='bbox 457 2736 559 2803; x_wconf 85' lang='lat' dir='ltr'>pyrina</span> <span class='ocrx_word' id='word_1_247' title='bbox 577 2734 658 2790; x_wconf 89' lang='lat' dir='ltr'>melis</span> <span class='ocrx_word' id='word_1_248' title='bbox 677 2753 699 2790; x_wconf 83' lang='lat' dir='ltr'>r.</span> <span class='ocrx_word' id='word_1_249' title='bbox 779 2740 860 2789; x_wconf 83' lang='lat' dir='ltr'>3ea:</span> <span class='ocrx_word' id='word_1_250' title='bbox 879 2736 919 2789; x_wconf 82' lang='lat' dir='ltr'>sic</span> <span class='ocrx_word' id='word_1_251' title='bbox 938 2736 981 2789; x_wconf 84' lang='lat' dir='ltr'>br.</span> <span class='ocrx_word' id='word_1_252' title='bbox 1036 2732 1083 2788; x_wconf 83' lang='lat' dir='ltr'>vel</span> 
     </span>
     <span class='ocr_line' id='line_1_31' title="bbox 69 2803 1082 2861; baseline 0.001 -5"><span class='ocrx_word' id='word_1_253' title='bbox 69 2805 104 2857; x_wconf 90' lang='lat' dir='ltr'>de</span> <span class='ocrx_word' id='word_1_254' title='bbox 125 2820 165 2857; x_wconf 90' lang='lat' dir='ltr'>oc.</span> <span class='ocrx_word' id='word_1_255' title='bbox 184 2823 206 2859; x_wconf 82' lang='lat' dir='ltr'>r.</span> <span class='ocrx_word' id='word_1_256' title='bbox 280 2810 413 2859; x_wconf 70' lang='lat' dir='ltr'>laurem</span> <span class='ocrx_word' id='word_1_257' title='bbox 432 2804 576 2860; x_wconf 88' lang='lat' dir='ltr'>dolentem</span> <span class='ocrx_word' id='word_1_258' title='bbox 593 2824 615 2861; x_wconf 82' lang='lat' dir='ltr'>r.</span> <span class='ocrx_word' id='word_1_259' title='bbox 699 2803 849 2860; x_wconf 84' lang='lat' dir='ltr'>5snccida</span> <span class='ocrx_word' id='word_1_260' title='bbox 868 2807 891 2860; x_wconf 87' lang='lat' dir='ltr'>b.</span> <span class='ocrx_word' id='word_1_261' title='bbox 965 2804 1082 2858; x_wconf 91' lang='lat' dir='ltr'>claudas</span> 
     </span>
     <span class='ocr_line' id='line_1_32' title="bbox 69 2877 1083 2945; baseline 0.002 -17"><span class='ocrx_word' id='word_1_262' title='bbox 69 2878 98 2928; x_wconf 89' lang='lat' dir='ltr'>et</span> <span class='ocrx_word' id='word_1_263' title='bbox 116 2878 179 2941; x_wconf 78' lang='lat' dir='ltr'>(sic)</span> <span class='ocrx_word' id='word_1_264' title='bbox 198 2877 227 2930; x_wconf 87' lang='lat' dir='ltr'>b:</span> <span class='ocrx_word' id='word_1_265' title='bbox 247 2892 334 2930; x_wconf 70' lang='lat' dir='ltr'>onan</span> <span class='ocrx_word' id='word_1_266' title='bbox 455 2881 489 2929; x_wconf 87' lang='lat'>10</span> <span class='ocrx_word' id='word_1_267' title='bbox 507 2878 564 2931; x_wconf 82' lang='lat' dir='ltr'>cod.</span> <span class='ocrx_word' id='word_1_268' title='bbox 583 2882 730 2945; x_wconf 66' lang='lat' dir='ltr'>rrpraeter</span> <span class='ocrx_word' id='word_1_269' title='bbox 748 2878 787 2930; x_wconf 79' lang='lat' dir='ltr'>in.</span> <span class='ocrx_word' id='word_1_270' title='bbox 806 2882 832 2930; x_wconf 83' lang='lat' dir='ltr'>et</span> <span class='ocrx_word' id='word_1_271' title='bbox 849 2877 1009 2943; x_wconf 63' lang='lat' dir='ltr'>piamenta</span> <span class='ocrx_word' id='word_1_272' title='bbox 1027 2891 1083 2930; x_wconf 80' lang='lat' dir='ltr'>non</span> 
     </span>
    </p>
   </div>
   <div class='ocr_carea' id='block_1_7' title="bbox 68 2960 1085 3174">
    <p class='ocr_par' dir='ltr' id='par_1_13' title="bbox 68 2960 1085 3174">
     <span class='ocr_line' id='line_1_33' title="bbox 69 2960 1085 3032; baseline 0 -15"><span class='ocrx_word' id='word_1_273' title='bbox 69 2964 240 3031; x_wconf 74' lang='lat' dir='ltr'>transcripsi.</span> <span class='ocrx_word' id='word_1_274' title='bbox 320 2960 464 3032; x_wconf 78' lang='lat' dir='ltr'>parotida&#39;</span> <span class='ocrx_word' id='word_1_275' title='bbox 484 2966 509 3018; x_wconf 84' lang='lat' dir='ltr'>b.</span> <span class='ocrx_word' id='word_1_276' title='bbox 598 2968 629 3016; x_wconf 81' lang='lat'>15</span> <span class='ocrx_word' id='word_1_277' title='bbox 648 2962 792 3032; x_wconf 89' lang='lat' dir='ltr'>parotides</span> <span class='ocrx_word' id='word_1_278' title='bbox 814 2963 884 3029; x_wconf 74' lang='lat' dir='ltr'>(tic)</span> <span class='ocrx_word' id='word_1_279' title='bbox 904 2964 928 3018; x_wconf 84' lang='lat' dir='ltr'>b.</span> <span class='ocrx_word' id='word_1_280' title='bbox 1003 2970 1035 3018; x_wconf 77' lang='lat'>17</span> <span class='ocrx_word' id='word_1_281' title='bbox 1055 2964 1085 3017; x_wconf 92' lang='lat' dir='ltr'>in</span> 
     </span>
     <span class='ocr_line' id='line_1_34' title="bbox 69 3031 1084 3104; baseline 0.002 -19"><span class='ocrx_word' id='word_1_282' title='bbox 69 3031 131 3086; x_wconf 93' lang='lat' dir='ltr'>loco</span> <span class='ocrx_word' id='word_1_283' title='bbox 151 3032 212 3102; x_wconf 90' lang='lat' dir='ltr'>ipso</span> <span class='ocrx_word' id='word_1_284' title='bbox 232 3035 332 3087; x_wconf 73' lang='lat' dir='ltr'>detla</span> <span class='ocrx_word' id='word_1_285' title='bbox 350 3053 372 3089; x_wconf 85' lang='lat' dir='ltr'>r.</span> <span class='ocrx_word' id='word_1_286' title='bbox 465 3039 497 3087; x_wconf 88' lang='grc'>19</span> <span class='ocrx_word' id='word_1_287' title='bbox 517 3033 597 3087; x_wconf 88' lang='lat' dir='ltr'>aliud</span> <span class='ocrx_word' id='word_1_288' title='bbox 617 3034 651 3087; x_wconf 93' lang='lat' dir='ltr'>de</span> <span class='ocrx_word' id='word_1_289' title='bbox 670 3032 792 3102; x_wconf 84' lang='lat' dir='ltr'>expertis</span> <span class='ocrx_word' id='word_1_290' title='bbox 811 3050 860 3100; x_wconf 82' lang='lat' dir='ltr'>cr,</span> <span class='ocrx_word' id='word_1_291' title='bbox 879 3031 959 3087; x_wconf 92' lang='lat' dir='ltr'>aliud</span> <span class='ocrx_word' id='word_1_292' title='bbox 977 3034 1084 3104; x_wconf 83' lang='lat' dir='ltr'>experi-</span> 
     </span>
     <span class='ocr_line' id='line_1_35' title="bbox 68 3101 1083 3174; baseline 0.005 -18"><span class='ocrx_word' id='word_1_293' title='bbox 68 3106 196 3157; x_wconf 89' lang='lat' dir='ltr'>mentum</span> <span class='ocrx_word' id='word_1_294' title='bbox 215 3106 238 3159; x_wconf 88' lang='lat' dir='ltr'>b.</span> <span class='ocrx_word' id='word_1_295' title='bbox 311 3107 346 3157; x_wconf 86' lang='grc'>20</span> <span class='ocrx_word' id='word_1_296' title='bbox 363 3105 483 3174; x_wconf 89' lang='lat' dir='ltr'>prendes</span> <span class='ocrx_word' id='word_1_297' title='bbox 503 3107 526 3174; x_wconf 87' lang='lat' dir='ltr'>b,</span> <span class='ocrx_word' id='word_1_298' title='bbox 547 3103 626 3157; x_wconf 88' lang='lat' dir='ltr'>—dis</span> <span class='ocrx_word' id='word_1_299' title='bbox 645 3122 666 3159; x_wconf 82' lang='lat' dir='ltr'>r.</span> <span class='ocrx_word' id='word_1_300' title='bbox 749 3101 858 3172; x_wconf 90' lang='lat' dir='ltr'>talpam</span> <span class='ocrx_word' id='word_1_301' title='bbox 877 3106 905 3159; x_wconf 88' lang='lat' dir='ltr'>b:</span> <span class='ocrx_word' id='word_1_302' title='bbox 925 3107 1043 3173; x_wconf 91' lang='lat' dir='ltr'>taupam</span> <span class='ocrx_word' id='word_1_303' title='bbox 1061 3124 1083 3173; x_wconf 81' lang='lat' dir='ltr'>r,</span> 
     </span>
    </p>
   </div>
   <div class='ocr_carea' id='block_1_8' title="bbox 67 3177 1084 3549">
    <p class='ocr_par' dir='ltr' id='par_1_14' title="bbox 67 3177 1084 3549">
     <span class='ocr_line' id='line_1_36' title="bbox 68 3177 1083 3289; baseline 0.004 -27"><span class='ocrx_word' id='word_1_304' title='bbox 68 3177 158 3289; x_wconf 73' lang='lat' dir='ltr'>tadpa</span> <span class='ocrx_word' id='word_1_305' title='bbox 176 3228 198 3264; x_wconf 89' lang='lat' dir='ltr'>c.</span> <span class='ocrx_word' id='word_1_306' title='bbox 272 3226 376 3265; x_wconf 87' lang='lat' dir='ltr'>cacano</span> <span class='ocrx_word' id='word_1_307' title='bbox 396 3212 420 3279; x_wconf 90' lang='lat' dir='ltr'>b,</span> <span class='ocrx_word' id='word_1_308' title='bbox 440 3211 561 3265; x_wconf 88' lang='lat' dir='ltr'>caccabo</span> <span class='ocrx_word' id='word_1_309' title='bbox 580 3229 603 3266; x_wconf 83' lang='lat' dir='ltr'>r.</span> <span class='ocrx_word' id='word_1_310' title='bbox 661 3211 839 3278; x_wconf 68' lang='lat' dir='ltr'>estsuper.</span> <span class='ocrx_word' id='word_1_311' title='bbox 911 3212 1043 3280; x_wconf 85' lang='lat' dir='ltr'>ungendo</span> <span class='ocrx_word' id='word_1_312' title='bbox 1059 3213 1083 3266; x_wconf 85' lang='lat' dir='ltr'>b.</span> 
     </span>
     <span class='ocr_line' id='line_1_37' title="bbox 69 3279 1084 3350; baseline 0.002 -17"><span class='ocrx_word' id='word_1_313' title='bbox 69 3285 103 3333; x_wconf 80' lang='lat'>25</span> <span class='ocrx_word' id='word_1_314' title='bbox 124 3298 154 3332; x_wconf 90' lang='lat' dir='ltr'>m</span> <span class='ocrx_word' id='word_1_315' title='bbox 172 3280 289 3335; x_wconf 91' lang='lat' dir='ltr'>linteolo</span> <span class='ocrx_word' id='word_1_316' title='bbox 309 3282 448 3350; x_wconf 90' lang='lat' dir='ltr'>suspende</span> <span class='ocrx_word' id='word_1_317' title='bbox 466 3301 489 3337; x_wconf 80' lang='lat' dir='ltr'>r.</span> <span class='ocrx_word' id='word_1_318' title='bbox 598 3287 632 3336; x_wconf 84' lang='grc'>26</span> <span class='ocrx_word' id='word_1_319' title='bbox 652 3279 787 3334; x_wconf 90' lang='lat' dir='ltr'>salicibus</span> <span class='ocrx_word' id='word_1_320' title='bbox 806 3282 854 3335; x_wconf 83' lang='lat' dir='ltr'>br:</span> <span class='ocrx_word' id='word_1_321' title='bbox 874 3279 972 3334; x_wconf 88' lang='lat' dir='ltr'>salinis</span> <span class='ocrx_word' id='word_1_322' title='bbox 992 3281 1084 3337; x_wconf 76' lang='lat' dir='ltr'>Marc.</span> 
     </span>
     <span class='ocr_line' id='line_1_38' title="bbox 67 3351 1083 3422; baseline 0.002 -18"><span class='ocrx_word' id='word_1_323' title='bbox 67 3355 166 3421; x_wconf 79' lang='lat' dir='ltr'>p.148,</span> <span class='ocrx_word' id='word_1_324' title='bbox 177 3356 202 3405; x_wconf 90' lang='lat'>5.</span> <span class='ocrx_word' id='word_1_325' title='bbox 257 3357 291 3405; x_wconf 78' lang='grc'>27</span> <span class='ocrx_word' id='word_1_326' title='bbox 310 3351 394 3407; x_wconf 88' lang='lat' dir='ltr'>tectis</span> <span class='ocrx_word' id='word_1_327' title='bbox 413 3355 436 3408; x_wconf 86' lang='lat' dir='ltr'>b.</span> <span class='ocrx_word' id='word_1_328' title='bbox 509 3351 688 3408; x_wconf 82' lang='lat' dir='ltr'>fervunculos</span> <span class='ocrx_word' id='word_1_329' title='bbox 702 3353 751 3422; x_wconf 82' lang='lat' dir='ltr'>(eie</span> <span class='ocrx_word' id='word_1_330' title='bbox 764 3368 867 3420; x_wconf 75' lang='lat' dir='ltr'>seraper</span> <span class='ocrx_word' id='word_1_331' title='bbox 884 3359 909 3406; x_wconf 86' lang='lat' dir='ltr'>et</span> <span class='ocrx_word' id='word_1_332' title='bbox 923 3353 955 3406; x_wconf 79' lang='lat' dir='ltr'>ia</span> <span class='ocrx_word' id='word_1_333' title='bbox 968 3354 1047 3421; x_wconf 77' lang='lat' dir='ltr'>seqq.)</span> <span class='ocrx_word' id='word_1_334' title='bbox 1060 3369 1083 3406; x_wconf 82' lang='lat' dir='ltr'>r.</span> 
     </span>
     <span class='ocr_line' id='line_1_39' title="bbox 68 3420 1082 3498; baseline 0.003 -23"><span class='ocrx_word' id='word_1_335' title='bbox 68 3424 171 3475; x_wconf 86' lang='lat' dir='ltr'>curant</span> <span class='ocrx_word' id='word_1_336' title='bbox 190 3424 218 3477; x_wconf 81' lang='lat' dir='ltr'>b:</span> <span class='ocrx_word' id='word_1_337' title='bbox 238 3425 321 3477; x_wconf 88' lang='lat' dir='ltr'>sanat</span> <span class='ocrx_word' id='word_1_338' title='bbox 338 3441 360 3478; x_wconf 85' lang='lat' dir='ltr'>r.</span> <span class='ocrx_word' id='word_1_339' title='bbox 426 3429 460 3478; x_wconf 83' lang='grc'>28</span> <span class='ocrx_word' id='word_1_340' title='bbox 480 3440 514 3478; x_wconf 90' lang='lat' dir='ltr'>ex</span> <span class='ocrx_word' id='word_1_341' title='bbox 532 3426 613 3498; x_wconf 68' lang='lat' dir='ltr'>acpto</span> <span class='ocrx_word' id='word_1_342' title='bbox 632 3421 701 3477; x_wconf 90' lang='lat' dir='ltr'>trito</span> <span class='ocrx_word' id='word_1_343' title='bbox 719 3440 741 3477; x_wconf 85' lang='lat' dir='ltr'>r.</span> <span class='ocrx_word' id='word_1_344' title='bbox 797 3420 896 3475; x_wconf 91' lang='lat' dir='ltr'>hordei</span> <span class='ocrx_word' id='word_1_345' title='bbox 910 3421 1041 3478; x_wconf 80' lang='lat' dir='ltr'>imixtam</span> <span class='ocrx_word' id='word_1_346' title='bbox 1055 3440 1082 3478; x_wconf 84' lang='lat' dir='ltr'>r:</span> 
     </span>
     <span class='ocr_line' id='line_1_40' title="bbox 71 3491 329 3549; baseline 0.012 -3"><span class='ocrx_word' id='word_1_347' title='bbox 71 3491 151 3546; x_wconf 92' lang='lat' dir='ltr'>ordei</span> <span class='ocrx_word' id='word_1_348' title='bbox 169 3492 288 3546; x_wconf 85' lang='lat' dir='ltr'>mixtam</span> <span class='ocrx_word' id='word_1_349' title='bbox 307 3496 329 3549; x_wconf 84' lang='lat' dir='ltr'>b.</span> 
     </span>
    </p>
   </div>
   <div class='ocr_carea' id='block_1_9' title="bbox 127 3580 950 3647">
    <p class='ocr_par' dir='ltr' id='par_1_15' title="bbox 127 3580 950 3647">
     <span class='ocr_line' id='line_1_41' title="bbox 127 3580 950 3647; baseline 0.019 -18"><span class='ocrx_word' id='word_1_350' title='bbox 127 3590 259 3632; x_wconf 78' lang='lat' dir='ltr'>Theodorus</span> <span class='ocrx_word' id='word_1_351' title='bbox 273 3593 411 3647; x_wconf 82' lang='lat' dir='ltr'>Priscianus,</span> <span class='ocrx_word' id='word_1_352' title='bbox 427 3593 464 3635; x_wconf 89' lang='lat' dir='ltr'>ed.</span> <span class='ocrx_word' id='word_1_353' title='bbox 478 3593 562 3637; x_wconf 72' lang='lat' dir='ltr'>Rosa.</span> <span class='ocrx_word' id='word_1_354' title='bbox 908 3580 950 3625; x_wconf 40' lang='grc' dir='ltr'>ἢ</span> 
     </span>
    </p>
   </div>
   <div class='ocr_carea' id='block_1_10' title="bbox 0 0 1163 3864">
    <p class='ocr_par' dir='ltr' id='par_1_16' title="bbox 0 0 1163 3864">
     <span class='ocr_line' id='line_1_42' title="bbox 0 0 1163 3864; baseline 0 0"><span class='ocrx_word' id='word_1_355' title='bbox 0 0 1163 3864; x_wconf 95' lang='lat' dir='ltr'> </span> 
     </span>
    </p>
   </div>
  </div>
 </body>
</html>
