2288 3878
80 119 146 186 458
480 123 685 174 VINDIOIANI

117 285 172 349 (22)
195 297 245 334 our
262 297 330 349 orgo
349 277 443 333 infans
461 295 518 333 non
535 279 586 333 lo·
650 282 708 348 (22)
733 298 797 334 oum
823 297 891 350 ergo
919 280 1016 335 infans
1042 300 1102 337 non

82 350 200 420 quitur
228 352 278 405 sed
309 350 401 420 magis
432 349 585 405 balbitsnt.
614 350 741 419 loquitur
759 351 809 406 ssd
822 353 950 422 vagetur.
971 353 1024 406 sod
1037 353 1101 407 bal-

82 425 160 476 oorta
177 421 252 476 ratio
271 425 315 476 est
331 420 399 490 quio
414 421 512 476 dentes
530 438 588 475 non
613 420 698 477 bitot.
731 421 815 477 Certa
845 421 960 476 racione
990 423 1100 478 docebo

80 492 189 547 habent
203 493 354 562 musigsnt.
375 492 473 546 dontss
491 494 588 546 autom
614 491 683 560 quis
703 493 796 548 dentis
814 509 871 547 non
889 492 981 548 habit.
1003 494 1098 548 dentis

81 563 171 618 nostri
198 566 231 618 ut
263 562 363 633 organi
384 566 465 617 sunt.
498 579 587 632 genus
614 565 711 617 autom
746 563 838 618 nostri
872 563 973 634 organi
1006 581 1098 634 gonus

81 634 184 703 quibus
193 634 365 689 modolotrix
374 636 418 688 ost
432 633 587 704 lingusin-
615 637 681 689 sunt
699 635 783 702 quod.
808 651 879 689 omo.
904 634 1031 689 dolstn'x
1055 639 1098 690 est

80 705 168 760 fantis
193 722 279 772 quam
311 704 360 758 diu
387 704 457 759 duos
488 705 587 759 dentes
614 704 721 775 lingua.
745 706 841 759 Infans
865 705 941 759 enim
959 706 1098 772 quamdiu

80 793 137 831 non
155 777 263 830 habent
276 778 416 845 vagentur
433 775 585 830 balbitant.
615 775 713 830 dentes
729 792 787 830 non
804 775 893 830 habet
906 778 1031 845 vegetat.
1052 776 1099 831 Ad

81 847 119 901 ad
136 847 187 901 ubi
207 847 276 901 duos
294 846 341 901 vol
363 849 421 902 tros
439 846 485 900 vel
504 848 586 915 quot-
613 846 684 900 hnbi
703 847 773 901 duos
791 846 838 901 vol
854 848 977 914 quotuor
996 847 1097 902 dentes

80 920 146 972 tuor
163 918 271 973 habent
293 917 434 972 musiount
452 920 482 971 ot
500 918 586 972 odsos
613 916 747 971 habuerit
774 917 900 972 musitat.
929 916 1003 971 adue
1031 935 1097 972 oon·

80 987 218 1044 locuntur.
612 987 737 1057 plevsrit
755 991 879 1042 rustnun
896 987 1033 1056 loquitur.

116 1204 171 1269 (23)
190 1201 310 1255 dentes
324 1202 420 1254 sutem
433 1200 522 1254 nostri
536 1199 586 1268 qui
648 1202 704 1268 (23)
713 1199 818 1254 Dontos
831 1202 927 1254 autom
940 1199 1033 1254 nostri
1047 1200 1097 1269 qui

80 1269 256 1325 sir-uidentur
264 1270 381 1325 oomotis
392 1270 441 1340 qui
451 1270 512 1325 dati
520 1273 586 1326 sunt
611 1269 642 1323 in
660 1269 752 1339 primo
768 1269 833 1324 oris,
852 1269 943 1325 nostri
962 1273 1030 1326 sunt
1047 1288 1097 1326 vo-

79 1340 162 1395 nobis
188 1342 226 1395 nd
243 1341 446 1411 procidendum
470 1340 585 1396 elimon-
612 1357 708 1395 oumus
722 1341 826 1396 thobis.
847 1341 909 1395 dati
925 1343 993 1396 sunt
1011 1341 1096 1397 nobis

79 1414 148 1467 tum.
175 1411 226 1465 olii
253 1415 390 1466 vocantur
419 1411 585 1480 quinodenti
612 1412 650 1466 ad
678 1412 841 1466 rodendum.
869 1411 929 1465 Alii
956 1428 1026 1467 voro
1053 1412 1096 1466 di-

79 1481 169 1537 latins
188 1481 284 1536 canini
303 1482 442 1538 dicuntur.
467 1481 518 1536 ulii
536 1483 584 1538 ds·
612 1482 888 1537 ounturoinodontos
900 1499 971 1550 quos
986 1481 1096 1538 latinis.

80 1552 219 1608 dicuntur.
234 1553 285 1607 ssd
299 1552 397 1607 dentes
412 1553 502 1608 nostri
515 1553 585 1622 quid
611 1553 729 1608 ooninus
740 1553 876 1608 dieamus.
892 1552 954 1608 doti
968 1557 1037 1609 sunt
1045 1571 1098 1609 no·

80 1641 141 1679 esso
158 1623 266 1694 potatis
290 1640 355 1678 ossa
378 1623 498 1679 dicentis
517 1641 584 1694 orgo
611 1623 656 1678 bis
674 1624 712 1678 sd
729 1623 925 1693 frangendum.
947 1623 1008 1678 Alii
1028 1641 1096 1680 voro

79 1712 109 1751 so
128 1712 192 1750 osso
216 1697 282 1749 sunt
305 1694 403 1750 dentes
421 1694 512 1750 nostri
535 1713 585 1750 our
612 1694 752 1749 asmalitis
766 1698 905 1749 vocantur
917 1711 989 1763 quos
1008 1692 1096 1750 latini

77 1783 144 1849 orgo
159 1782 254 1821 omnes
270 1768 351 1835 (onTs)
365 1781 430 1821 ossa
443 1782 584 1820 1111111-
610 1765 726 1820 molaris
743 1765 928 1835 appellamus.
949 1765 1014 1820 dati
1028 1769 1097 1821 sunt

76 1836 501 1963 tuttlttttlltl
516 1852 584 1962 ⁰252
611 1835 1096 1977 ttttlllllttttttt

77 1995 144 2050 ergo
159 1995 254 2034 omnes
264 1994 329 2033 osso
337 1977 463 2034 medulla
475 1978 583 2033 habent
610 1981 658 2031 tur
675 1993 747 2033 ossa.
768 1977 792 2031 si
811 1994 875 2032 osso
898 1976 924 2030 si
942 1993 1008 2032 ossa
1027 1981 1096 2034 sunt

77 2049 198 2123 <dentes
234 2066 301 2105 vero
333 2049 459 2130 modullo
492 2050 581 2119 suppl.
612 2049 710 2131 dontos
733 2048 831 2103 nostri.
857 2047 916 2130 Cur
939 2063 1008 2118 orgo
1036 2065 1096 2103 om·

77 2120 253 2246 stult
266 2120 584 2246 tltlrtttttt
610 2134 1095 2271 ttstrffllfttlttuttl

77 2261 171 2317 locum
183 2264 358 2317 revocantur.
375 2262 473 2317 dentes
488 2263 584 2316 autom
610 2264 654 2315 tes
673 2263 764 2315 nostn
783 2277 832 2314 our
846 2277 942 2314 omms
956 2276 1021 2314 osso
1036 2277 1096 2315 me-

76 2333 167 2388 nostri
189 2331 296 2386 sublati
324 2333 362 2386 sd
388 2332 482 2387 locum
504 2346 583 2386 rovo-
612 2331 691 2386 dulla
703 2331 818 2386 habent.
833 2330 893 2385 Aut
907 2331 932 2384 si
946 2347 1011 2385 osso
1027 2334 1095 2385 sunt

78 2419 142 2458 coro
160 2420 217 2457 non
234 2403 387 2472 possunt‘)
611 2403 709 2457 dentes
729 2401 824 2456 omnio
838 2417 903 2456 ossa
916 2400 1009 2456 fractu
1027 2419 1094 2457 oon-

610 2472 758 2528 firmsntur
781 2474 810 2527 ot
833 2476 968 2526 curantur
989 2470 1037 2527 vol
1063 2472 1094 2527 in

113 2544 136 2613 ⁸)
162 2543 197 2611 cs.
215 2543 273 2599 rod.
293 2543 320 2599 S.
337 2543 460 2599 6111144
474 2560 505 2613 p.
518 2546 582 2597 204.
610 2542 775 2613 h(lcorr.)oo
786 2560 850 2597 oum
863 2560 945 2597 suum
958 2559 1094 2598 rovocan-

611 2615 665 2668 tur.
691 2613 796 2668 Dontos
815 2615 912 2668 autom
930 2613 1022 2668 nostri
1041 2614 1093 2668 sub

611 2683 703 2739 lutum
720 2684 758 2738 sd
771 2683 866 2738 locum
882 2700 1017 2740 rovoooro
1035 2701 1094 2739 non

611 2757 738 2824 possunt.
