2310 3864
81 165 144 229 142
393 166 583 219 nunononr
600 166 781 218 rurscnur

78 340 111 392 ut
133 335 266 412 ptisanae
291 349 381 392 sucus
404 339 434 392 et
457 349 509 392 ova
532 333 677 411 recentia,
704 349 797 410 panes
824 332 929 392 mundi
957 351 994 393 ex
1019 353 1097 413 aqua

79 421 185 502 calida,
209 421 308 482 caules
336 421 464 501 decocti,
492 438 585 499 aquae
613 419 725 480 calidae
748 421 830 499 potio
854 428 884 481 et
910 421 1096 483 lactucarum

78 509 256 571 beneficium
279 509 461 588 frigidarum.
502 509 550 569 bis
574 510 683 569 etenim
707 508 862 569 adiutoriis
886 509 1028 571 adhibitis
1046 531 1096 571 va-

78 602 159 677 poris
183 599 220 659 ad
243 606 331 678 caput
349 598 537 658 ascendentis
557 597 684 677 deprimi
707 599 907 676 inportunitas
931 603 1097 661 consuevit.

52 700 65 741 s
168 687 220 748 sed
244 689 383 770 quoniam
406 687 452 746 his
472 688 570 747 causis
590 704 682 765 aquae
706 685 818 746 calidae
841 688 994 766 potionem
1018 689 1095 748 dixi-

77 795 145 837 mus
171 776 351 837 beneficium
377 777 554 856 ministrari,
586 775 772 854 frequentius
804 775 1021 836 intendendum
1049 785 1098 837 est

77 882 115 925 ne
139 884 175 926 ex
195 883 230 925 ea
252 864 395 925 resolutio
415 864 558 924 stomachi
580 871 767 942 procuretur.
802 881 877 942 quae
902 866 928 924 si
951 867 1098 946 evenerit,

77 961 162 1014 tunc·
185 956 320 1032 apiorum
356 952 402 1013 vel
438 952 631 1032 cydoniorum
669 952 841 1012 decoctione
877 954 939 1012 vini
976 957 1095 1033 species

78 1042 219 1103 imitanda
257 1049 317 1122 est,
355 1060 430 1120 quae
467 1040 650 1101 stomachum
687 1040 781 1100 valeat
817 1059 965 1119 reparare.
1012 1045 1095 1102 omni

38 1145 64 1184 10
77 1131 165 1190 modo
194 1130 301 1210 dactyli
329 1148 432 1190 omnes
464 1129 575 1189 vitandi
608 1136 685 1190 sunt.
732 1129 901 1208 specialiter
933 1131 1014 1190 enim
1043 1149 1094 1190 na-

76 1227 160 1280 turae
194 1238 264 1280 suae
303 1220 512 1279 contrarietate
547 1225 634 1296 caput
665 1219 831 1297 inquietare
864 1228 1094 1279 consueverunt.

78 1311 125 1368 sin
148 1327 218 1368 vero
247 1311 343 1368 somni
367 1310 464 1367 suavis
487 1309 575 1384 potiti
597 1324 656 1367 non
681 1307 800 1387 luerint,
823 1313 894 1367 tunc
918 1307 955 1366 ad
977 1307 1094 1369 lavacra

77 1394 170 1455 calida
202 1397 339 1474 protinus
372 1395 572 1455 festinandum
605 1403 663 1476 est,
696 1397 727 1454 in
760 1394 869 1473 quibus
901 1413 953 1455 ore
985 1413 1092 1474 aquam

77 1482 201 1543 calidam
225 1487 256 1543 in
280 1482 363 1543 cellis
387 1482 579 1543 calidioribus
604 1486 786 1544 sustinentes
809 1501 949 1561 vaporem
973 1503 1093 1545 omnem

37 1583 62 1623 1⁵
76 1574 240 1649 transigant
267 1571 458 1631 lavacrorum.
499 1574 525 1630 si
552 1572 587 1631 ad
617 1571 752 1632 ciborum
775 1573 1005 1653 continentiam,
1033 1574 1093 1634 ire-

77 1662 228 1738 quentiam
251 1660 434 1720 lavacrorum
455 1668 484 1720 et
508 1668 606 1720 cetera
630 1660 799 1739 supradicta
822 1660 968 1721 adiutoria
992 1663 1093 1722 minus

149 1908 161 1954 1
189 1901 270 1971 panis
295 1919 328 1956 ex
352 1918 427 1970 aqua
445 1918 468 1956 c.
492 1900 600 1954 infusus
620 1903 702 1970 Meet
724 1901 816 1955 elutus
837 1901 908 1957 Cael.
932 1902 1092 1970 clvr.1,12.

74 1973 121 2027 sed
144 1967 173 2039 ἒξ
196 1972 299 2035 ὕδατος
323 1972 405 2043 ἄρτος
429 1974 517 2042 simpl.
537 1979 563 2026 et
581 1973 626 2026 Ps.
649 1973 711 2027 Get.
727 1999 760 2018 =
776 1974 808 2027 G.
825 1974 898 2040 XII,
917 1977 984 2041 516,
1008 1972 1093 2041 ἄρτος

74 2043 176 2106 πλωτός
194 2044 256 2099 Gal.
277 2045 326 2114 VI,
345 2048 408 2099 494.
423 2044 479 2110 XI,
493 2045 570 2112 49b):
589 2059 677 2111 panes
696 2043 815 2097 mundos
835 2059 869 2097 ex
883 2060 907 2098 a.
923 2059 946 2098 c.
960 2061 984 2112 r,
1003 2060 1094 2112 panes

75 2131 109 2169 ex
132 2133 176 2184 aq.
197 2133 219 2171 c.
239 2117 274 2171 B.
405 2120 421 2167 2
441 2113 536 2168 caules
556 2112 676 2167 decocti:
696 2116 736 2169 sic
752 2113 949 2186 er(apdpdrp
968 2114 1016 2168 Pa.
1037 2115 1092 2184 6.).

74 2187 249 2242 lactucarum
267 2187 294 2243 b.
314 2185 346 2240 fr.
362 2212 395 2231 =
410 2187 565 2253 θριδακίνῃ
584 2204 614 2238 τε
633 2185 669 2245 ὡς
689 2179 854 2254 ἐμψύχουσα
873 2187 918 2240 Ps.
940 2185 1004 2240 Gal.

75 2257 215 2313 3etenim
233 2260 281 2313 rb:
306 2256 393 2311 etiam
415 2258 451 2311 Β.
560 2261 576 2308 5
601 2255 745 2324 potionem
773 2254 895 2309 diximus
921 2255 1092 2309 beneficium

73 2329 229 2382 ministrari
246 2347 274 2384 r:
297 2347 324 2398 p.
349 2327 471 2381 diximus
493 2325 648 2379 ministrari
667 2328 695 2394 b,
721 2344 747 2395 p.
768 2327 794 2382 d.
818 2343 901 2396 posse
922 2326 1092 2380 beneficium

73 2400 234 2454 ministrare
248 2401 283 2454 B.
343 2404 358 2451 6
372 2399 406 2452 fr.
421 2398 624 2452 intendendum
638 2398 697 2452 rB:
717 2396 828 2451 cautius
847 2397 1052 2452 attendendum
1066 2400 1090 2453 b.

75 2475 91 2522 t
110 2470 213 2525 solutio
231 2488 253 2524 r.
357 2476 373 2522 8
393 2469 520 2538 apiorum
537 2471 556 2523 i.
576 2468 701 2538 pirorum
720 2470 764 2537 (cf.
784 2469 830 2523 Po.
853 2469 915 2524 aaz.
930 2468 1016 2537 XIV,
1035 2473 1092 2523 318

74 2558 108 2595 erc
128 2540 190 2595 Gal.
206 2541 279 2608 XII,
298 2541 369 2608 517).
438 2539 605 2593 citoniorum
623 2540 690 2594 Bet
704 2542 776 2608 (autc
794 2541 844 2609 ips.
864 2541 943 2609 corr.)
963 2541 988 2594 b.
1043 2540 1091 2593 de-

74 2611 201 2664 coctione
219 2628 245 2664 v.
265 2627 305 2679 sp.
326 2608 482 2663 emittenda
499 2629 529 2678 r,
549 2609 711 2664 decoctione
728 2627 754 2665 v.
775 2627 795 2665 s.
816 2609 994 2664 emendanda
1013 2611 1089 2678 b(cf.

75 2682 138 2737 cat
154 2682 227 2748 XII,
241 2683 318 2750 517):
338 2680 496 2735 decoctioni
514 2700 540 2736 v.
561 2698 601 2751 sp.
621 2680 792 2735 inmittenda
810 2682 845 2736 Β.
938 2687 953 2734 9
973 2680 1022 2749 qni
1038 2725 1043 2735 .
1061 2725 1066 2735 .
1084 2726 1089 2736 .

73 2752 189 2808 valeant
206 2770 229 2807 r.
351 2751 427 2804 omni
445 2753 529 2805 modo
547 2753 603 2807 rB:
623 2751 735 2805 omnino
755 2754 779 2807 b.
884 2757 962 2806 1011.
983 2769 1004 2806 s.
1024 2767 1090 2805 con·

72 2823 219 2878 trarietate
239 2824 299 2892 (stc)
318 2823 369 2877 rB.
426 2829 457 2876 11
474 2825 559 2892 caput
577 2822 736 2891 inquietare
754 2841 781 2877 r:
805 2839 855 2877 om.
876 2824 911 2891 B,
935 2824 985 2877 abi
1002 2824 1042 2877 ric
1061 2825 1090 2877 b:

73 2893 178 2950 etenim
201 2896 286 2964 caput
304 2892 463 2962 inquietare
481 2895 650 2948 consuerunt
669 2895 724 2962 (Pa.
742 2894 804 2948 Gal.
823 2896 858 2960 cf.
879 2895 972 2948 Diosc.
988 2910 1019 2963 p.
1035 2898 1091 2948 140

72 2968 275 3035 κεφαλαλγεῖς).
295 2967 324 3018 et
343 2965 487 3019 stomacho
507 2964 641 3019 contrarii
659 2964 821 3034 probantur.
884 2966 1091 3018 consueverunt

72 3056 99 3093 r:
120 3038 271 3090 -suerunt
289 3037 345 3091 Bb.
473 3042 505 3089 12
531 3035 580 3090 Sin
602 3052 668 3090 vero
692 3035 782 3089 somni
806 3033 901 3093 suavis
924 3033 1010 3105 potiti
1032 3051 1090 3088 non

72 3107 177 3163 fuerint
195 3127 222 3163 r:
242 3107 292 3162 Sin
309 3123 375 3163 vero
394 3106 523 3160 omnibus
547 3123 599 3160 sua
621 3105 703 3160 vibus
722 3105 851 3176 potiones
869 3105 976 3160 fuerint
993 3106 1034 3174 B,
1059 3105 1090 3160 Si

72 3196 138 3236 vero
162 3178 253 3233 somni
276 3195 376 3233 suaves
399 3194 456 3232 non
477 3177 583 3231 fuerint
601 3179 617 3232 b
636 3179 681 3246 (cf.
699 3181 759 3248 pru).
787 3179 852 3232 boec
874 3180 943 3232 mire
965 3179 1091 3245 corrupit

71 3253 160 3306 Nera!
293 3249 437 3304 lavacrum
455 3249 579 3302 calidum
597 3249 669 3303 er.
779 3253 812 3301 15
830 3247 993 3318 transigant
1010 3246 1090 3301 lava-

72 3338 181 3376 crorum
199 3322 255 3377 rB:
273 3320 370 3375 balnei
388 3319 498 3391 possint
515 3318 672 3389 transigere
690 3321 713 3374 b.
840 3319 865 3373 si
884 3319 922 3373 ad
940 3319 994 3374 cib.
1015 3321 1088 3373 cont.

71 3400 119 3450 etc.
138 3394 193 3448 rB:
221 3392 245 3446 si
268 3392 394 3446 ciborum
412 3390 587 3446 continentia
606 3392 635 3444 et
652 3389 812 3459 frequentia
829 3389 997 3444 balneorum
1015 3391 1089 3442 eete-

69 3482 165 3520 rorum
184 3463 388 3519 adiutoriorum
404 3479 458 3532 qne
472 3461 600 3532 superins
619 3460 788 3515 intexuimus
806 3480 843 3516 m.
862 3461 881 3516 f.
900 3480 922 3516 r.
942 3463 966 3517 b.
1040 3462 1088 3530 (cr-

56 3533 173 3605 borum)
191 3551 260 3606 orgo
279 3537 347 3592 add.
366 3535 398 3590 B
411 3536 478 3605 (nort
496 3535 552 3607 rb).
