2288 3878
75 134 143 198 434
477 140 681 193 mmmmm

76 294 187 349 dicente
214 293 344 349 humores
367 295 417 364 qui
442 295 524 350 nobis
549 296 597 350 in'

76 364 164 419 oculis
183 364 274 419 visum
292 365 386 421 reddit
401 365 520 421 diversis
534 372 597 426 ccl

74 434 183 491 loribus
202 435 357 491 variantur.
593 448 596 467 ¹

110 794 148 861 (6)
172 790 249 859 quod
275 792 341 843 sunt
367 805 438 843 vene
467 789 497 842 in
520 807 580 859 gu-

74 865 149 916 torc
166 859 287 915 maiores
309 860 386 927 quod
408 859 579 929 sanguineas

74 935 192 987 vocatur
214 933 356 1000 quattuor.
384 930 439 984 duo
463 930 512 999 qui
536 946 580 985 or-

74 1001 142 1073 gani
166 1002 298 1056 dicuntur
320 1004 349 1056 oi
369 999 579 1056 deavisceribus

74 1073 220 1128 venientes

110 1216 147 1284 (7)
162 1213 310 1282 subposita
323 1211 412 1267 oculis
426 1229 497 1281 quaa
511 1230 579 1267 ma·
642 1215 680 1282 (7)
703 1211 806 1281 quibus
835 1211 925 1266 oculis
949 1214 1096 1284 subpositi

75 1283 171 1338 culas
193 1300 334 1338 vocamus.
363 1282 466 1351 quibua
491 1283 580 1338 coerii
607 1286 674 1337 sunt
692 1299 757 1338 ossa
775 1299 830 1356 qua
848 1282 924 1337 mole
942 1289 1094 1342 vocantur.

74 1354 155 1424 plata
173 1357 268 1408 nosler
286 1357 339 1424 (n‘r)
352 1354 385 1407 id
402 1356 447 1408 esi
464 1357 494 1408 et
512 1355 580 1409 don·
607 1353 741 1409 coherent
755 1355 850 1429 antem
864 1353 1007 1410 dentibus.
1025 1357 1094 1411 den·

74 1424 155 1479 tium.
180 1425 230 1478 sed
249 1427 278 1478 el
301 1427 399 1479 dentes
424 1426 520 1479 autem
538 1425 579 1480 cis
607 1427 651 1479 ies
682 1441 750 1479 vero
781 1424 836 1478 viri
868 1427 935 1478 suni
968 1425 1095 1496 triginta

74 1495 212 1549 habemus
226 1494 303 1549 XXX
321 1497 351 1549 et
368 1495 402 1550 Π.
427 1498 456 1550 at
474 1495 580 1550 femina
608 1495 672 1550 duo.
691 1494 818 1549 mulieris
837 1497 934 1549 autem
953 1497 1091 1566 treginia.

74 1581 142 1621 varo
170 1565 269 1620 denies
291 1564 377 1620 XXX.
414 1565 449 1620 da
476 1566 580 1635 quibus
608 1565 809 1648 apollonius
838 1568 935 1620 auiam
960 1567 1093 1623 medicus

76 1635 276 1720 apollonius
290 1653 409 1706 magnus
423 1635 464 1690 sic
479 1636 521 1691 ait
531 1653 580 1707 ge·
607 1639 670 1718 am..
681 1636 788 1718 gemini
812 1636 910 1690 denies
933 1654 1024 1718 usque
1054 1640 1093 1694 ad

75 1706 420 1848 iffillllllglll:
440 1724 580 1833 lilla?
607 1705 1021 1859 {difficili
1040 1709 1093 1849 ll

74 1848 191 1904 radices.
212 1848 263 1904 alii
280 1866 347 1905 vero
367 1848 514 1904 inferiores
531 1848 580 1917 qui
606 1848 728 1903 molares
742 1849 874 1902 dicuntur
887 1847 1092 1906 habcntbinas

74 1919 195 1974 molares
219 1919 351 1975 dicuntur
368 1919 477 1974 habent
496 1919 580 1974 binas
608 1919 646 1973 ad
673 1921 768 1973 lernae
796 1918 914 1974 radices.
943 1919 996 1973 alii
1023 1938 1092 1978 vero

74 1993 104 2045 ei
122 1993 217 2046 ternas
236 1990 354 2047 radices.
608 1992 760 2058 quaternas
774 2005 826 2060 per
844 1988 973 2044 ordinem
990 1992 1092 2061 positi.

108 3137 146 3204 (8)
160 3150 227 3187 nam
240 3133 578 3203 palatumaquibusdam
640 3136 678 3204 (8)
696 3151 764 3188 nam
785 3135 915 3204 palatum
933 3153 951 3190 a
969 3138 1091 3205 quibua-

73 3204 177 3259 dieitur
196 3204 340 3258 oraniscus
352 3205 398 3261 vel
412 3204 473 3260 iroa
493 3221 578 3275 supra
606 3203 672 3258 dam
680 3204 1004 3276 uraniscusappallatur.
1021 3209 1091 3266 huic

72 3275 142 3330 iacit
160 3274 281 3345 lingua
300 3276 378 3330 cuius
401 3275 513 3330 radices
532 3293 578 3331 co·
605 3274 734 3330 subiacet
758 3275 866 3346 lingua.
898 3275 978 3330 cuius
1004 3281 1090 3336 radix

92 3345 186 3401 eriunt
211 3345 339 3400 canalem
364 3346 523 3415 spiritalem
548 3349 577 3401 ei
604 3344 774 3416 ridiagloasa
811 3346 920 3403 dicitur.
958 3350 1090 3418 sequitur

65 3365 405 3490 iijsiomaoumpalaorus
416 3416 516 3474 simile.
528 3417 577 3486 qui
605 3418 700 3472 autem
725 3417 834 3472 canalis
862 3417 1007 3489 spiritalis.
1038 3423 1090 3489 qui

282 3507 364 3583 [(6)
796 3505 895 3576 Hm)
