2288 3878
68 136 134 201 326
396 136 743 190 Pssuno-ruuooosu

139 294 184 348 Ad
205 294 344 348 stomachi
358 294 483 348 dolorem
502 297 532 348 et
550 296 646 348 ructus
663 310 773 348 amaros
788 308 859 361 quos
873 308 925 347 nec
939 291 1020 362 potio
1035 310 1085 347 nec

69 374 128 428 cibi
154 374 261 428 iuvant.
291 375 452 429 centauriae
480 374 566 428 tritae
594 373 669 445 scrip
682 373 761 428 VIIII
788 372 820 426 in
847 372 908 427 vini
937 373 1030 442 cyatis
1049 373 1088 427 111

69 471 119 524 per
137 455 263 508 triduum
281 455 371 510 bibat.
395 455 448 507 hoc
468 456 497 507 et
514 453 676 508 lumborum
693 455 722 508 at
739 451 838 506 lateris
856 451 949 506 dolori
962 454 1085 522 prodest.

69 539 150 589 rutae
179 552 273 589 semen
296 552 360 588 cum
388 534 520 603 sulphure
544 533 610 589 vivo
638 534 668 588 in
693 535 774 588 aceto
798 531 953 586 contritum
976 532 1087 586 ieiunus

43 618 193 685 agustato.

141 695 186 748 Ad
210 694 370 748 inflationes
393 697 423 748 et
451 693 572 747 acriores
601 690 740 747 stomachi
765 688 885 746 dolores.
917 689 1038 745 feniculi
1061 693 1089 744 st

71 775 130 844 apii
153 774 263 828 radices
281 774 312 826 in
334 773 400 827 vino
423 773 513 828 veteri
535 772 601 826 albo
624 771 769 838 infundes,
797 773 828 824 et
849 769 963 826 ieiunus
987 770 1088 824 exinde

73 857 170 922 cyatos
196 854 265 908 duos
292 852 381 907 bibat.
415 855 495 907 rutae
518 851 666 921 paululum
691 851 722 904 in
750 849 815 904 cibo
839 853 891 904 aut
917 849 950 903 in
973 850 1089 920 potione

73 933 183 987 sumito.
212 933 307 985 fimum
330 932 416 985 vituli
435 948 469 985 ex
492 932 558 986 vino
582 930 663 1001 potui
687 931 768 999 dato,
795 928 925 984 omnibus
951 929 1091 984 stomachi

33 1034 58 1072 10
73 1013 195 1081 querelis
215 1013 353 1067 subvenit.
382 1012 508 1081 lapidem
526 1014 651 1081 gagaten
669 1010 700 1064 in
718 1027 794 1078 aqua
807 1010 927 1064 fontana
942 1010 1091 1079 decoquas,

73 1096 102 1147 et
120 1093 209 1147 bibat.
240 1092 416 1146 diatessaron
436 1091 619 1162 suprascripti
634 1089 758 1145 antidoti
773 1089 899 1144 cocleare
914 1090 927 1144 Ι
946 1107 1012 1144 cum
1025 1090 1091 1145 vino

74 1176 124 1226 ant
142 1173 236 1227 calida
255 1190 329 1239 aqua
348 1172 459 1226 ieiunus
473 1171 564 1240 bibat,
584 1171 714 1225 omnibus
729 1168 869 1224 stomachi
888 1168 1012 1236 querelis
1028 1169 1092 1223 sub-

73 1250 160 1305 venit.
189 1251 242 1304 hoc
262 1251 286 1304 si
304 1251 389 1304 tertio
409 1250 472 1319 quis
491 1250 521 1303 in
545 1268 619 1305 anno
642 1249 761 1318 biberit,
785 1264 895 1317 semper
913 1249 1093 1304 stomachum

78 1348 177 1384 sanum
196 1330 322 1397 habebit,
341 1331 493 1399 probatum
511 1334 561 1384 est.

35 1429 61 1469 rs
143 1409 369 1480 [Declinantibns
389 1425 455 1463 vero
476 1409 620 1464 doloribus
640 1409 782 1479 cyminum
800 1409 924 1463 frixum.
942 1453 948 1464 .
964 1452 969 1464 .
986 1409 1035 1464 Pr.

318 1533 365 1588 Ad
383 1535 414 1588 id
427 1534 469 1600 II,
483 1538 521 1588 29
535 1536 582 1602 (89
598 1541 661 1603 post
680 1533 850 1603 applicabo).

148 1614 177 1666 et
200 1611 305 1665 herbae
335 1613 501 1667 victoriolas
535 1613 595 1667 suci
623 1616 720 1682 cyatos
740 1613 779 1667 ΙΙΙ
806 1630 869 1666 cum
896 1612 982 1667 melle
1013 1612 1094 1681 potui

82 1691 148 1746 dato
167 1691 270 1759 ieiuno,
289 1709 354 1746 mox
373 1693 480 1747 incidet
498 1693 609 1762 flegma.

150 1772 280 1839 Quibus
304 1776 418 1827 autem
436 1790 475 1827 ex
498 1773 663 1843 flegmate
686 1771 832 1826 inflatio
855 1771 966 1825 fuerit
990 1774 1019 1826 et
1038 1775 1095 1825 sto·

38 1870 64 1910 so
79 1853 195 1926 machus
214 1852 366 1921 inflixerit,
391 1852 502 1907 calidae
521 1852 701 1907 unctionibus
721 1852 861 1906 curandus
881 1854 932 1906 est.
961 1851 1095 1905 mastices

79 1937 191 1987 mentae
215 1933 372 2002 arnoglossi
395 1933 500 2002 piperis
525 1932 644 1986 castorei
669 1949 724 1987 ana
742 1932 811 1991 ÷1.
838 1948 905 1985 nam
929 1933 959 1986 et
982 1930 1096 1984 corticis

79 2012 184 2067 radicis
207 2013 324 2067 feniculi
347 2013 450 2066 libram
468 2013 482 2065 1
500 2014 530 2066 et
549 2012 580 2080 S,
608 2011 683 2065 aceti
713 2010 786 2064 3511
810 2025 912 2078 coques
940 2026 1030 2077 usque
1060 2009 1097 2062 ad

79 2093 270 2161 medietatem,
289 2097 317 2147 et
330 2093 396 2146 huic
412 2095 492 2146 aceto
506 2096 616 2160 partem
629 2091 669 2144 III
683 2089 775 2144 mellis
795 2089 972 2158 admiscebis¹
993 2089 1097 2144 iterum

81 2189 191 2242 coques,
211 2177 240 2227 et
254 2173 284 2226 in
298 2173 412 2226 modum
430 2170 557 2225 electarii
572 2171 668 2225 uteris.
689 2169 819 2223 similiter
834 2168 1012 2223 adiuvabunt
1030 2186 1097 2239 oxy-

41 2253 162 2322 saporis
185 2270 220 2307 ex
243 2269 337 2306 ameos
362 2251 518 2325 (semine).
552 2249 629 2304 item.
649 2248 775 2319 ligustici
800 2248 859 2318 apii
887 2248 1002 2302 seminis
1022 2251 1097 2317 ÷1‚

80 2332 186 2401 piperis
200 2345 236 2391 -ζ-
250 2333 275 2385 Π
290 2349 352 2385 cum
370 2331 454 2386 melle
474 2332 639 2399 despumato
659 2328 784 2397 colliges,
804 2330 833 2382 et
851 2330 915 2396 post
935 2327 1013 2381 cibos
1028 2328 1097 2381 bina

83 2411 222 2465 coclearia
240 2411 334 2465 ieiuno
355 2411 444 2466 dabis.
682 2411 683 2415 ’

155 2490 187 2544 si
207 2507 285 2544 vero
304 2491 449 2544 inflatio
469 2487 637 2543 stomachi
658 2505 721 2542 cum
739 2487 867 2542 tensione
890 2486 988 2554 fuerit,
1013 2487 1098 2540 fasci-

83 2568 178 2623 culum
199 2569 300 2638 puleii,
328 2569 433 2624 herbae
460 2571 580 2638 nepetae
603 2568 772 2622 tantundem
801 2568 939 2634 decoquas
966 2565 997 2618 in
1023 2583 1099 2634 aqua

43 2666 70 2706 so
84 2648 250 2716 diutissime,
269 2649 375 2718 piperis
390 2650 434 2707 ,31
452 2653 536 2717 teres,
554 2647 646 2702 mellis
661 2647 788 2701 cocleare
802 2648 815 2699 Ι
832 2645 964 2700 miscebis
978 2645 1009 2698 in
1023 2662 1099 2713 aqua

84 2729 287 2799 suprascripta,
312 2731 341 2781 et
359 2727 449 2782 bibat.
469 2731 498 2782 et
517 2727 602 2782 aforis
626 2726 768 2796 epithema
787 2727 913 2796 impones
935 2724 1033 2779 Nileos
1052 2725 1100 2779 vel

86 2808 272 2863 diasamsucu.

157 2975 172 3021 1
192 2969 237 3022 Ad
256 2970 289 3023 st.
311 2968 336 3022 d.
356 2969 431 3023 rubr.
451 2969 482 3022 ia
501 2969 524 3022 b.
580 2964 672 3021 aab.
747 2965 877 3020 contrito.
897 2967 925 3018 et
944 2961 1055 3017 ieiunus
1077 2966 1099 3018 h.

87 3039 167 3093 aad
185 3039 242 3092 infl.
262 3041 335 3094 rubr.
356 3041 379 3094 b.
454 3037 614 3091 linfundis
634 3039 657 3092 b.
739 3042 770 3089 11
791 3036 848 3090 bib.
869 3038 892 3091 b.
979 3041 1006 3089 'ss
1026 3035 1101 3088 anti-

88 3111 155 3164 doti
176 3113 198 3164 b.
273 3116 305 3163 12
325 3110 383 3165 bib.
403 3112 426 3165 b.
502 3114 535 3162 17
554 3110 599 3163 Pa.
620 3107 704 3177 Apul.
725 3125 745 3161 c.
762 3112 798 3161 59
814 3109 856 3175 (l).
939 3110 971 3158 19
992 3104 1100 3171 Quibus

87 3189 133 3236 etc.
152 3182 226 3236 rubr.
247 3183 270 3234 b.
355 3187 389 3236 20
408 3180 535 3253 Masticq.
555 3180 658 3233 menta.
679 3177 844 3246 arnoglossa
862 3195 908 3248 pp.
929 3179 1057 3231 castoreo
1077 3178 1100 3231 b.

88 3293 121 3340 21
142 3287 260 3342 cortices
280 3290 302 3342 b.
380 3294 415 3340 23
434 3258 456 3356 ii
476 3284 573 3340 mmelt
592 3283 719 3338 amisces.
739 3271 771 3336 u·
784 3285 806 3338 b.
921 3289 956 3337 24
975 3280 1057 3350 el’ect
1077 3284 1100 3337 b.

89 3359 224 3428 oroporia
243 3375 372 3414 exameos
393 3361 483 3427 b(om.
499 3361 532 3427 ἒ).
617 3359 651 3407 25
670 3353 794 3407 liuestici
814 3355 837 3408 b.
929 3359 963 3408 28
982 3355 1057 3408 rubr.
1078 3355 1102 3408 b.

89 3433 226 3503 hanepte
246 3432 269 3485 b.
343 3435 377 3483 30
395 3429 464 3483 teris
484 3431 507 3484 b.
580 3425 681 3479 misces
700 3427 723 3480 b.
797 3429 830 3476 31
850 3429 880 3477 εἶ
898 3427 921 3480 b.
999 3423 1057 3478 bib.
1078 3426 1101 3479 b.

85 3503 214 3575 epytima
232 3501 327 3574 iponis
346 3499 491 3555 Dianileos
511 3499 529 3552 l'
551 3497 598 3551 dia
617 3501 747 3550 samsucir
766 3497 789 3551 b.
