2288 3878
57 164 122 229 148
382 167 573 220 rneonoru
590 168 771 222 narseum
801 132 809 147 ⁸

54 350 159 392 vorum
182 336 309 410 spasmis
333 341 363 394 et
386 332 510 394 saltibus
534 333 777 413 confringuntur,
804 340 835 393 et
857 334 939 393 vocis
963 335 1076 395 articu-

54 420 129 480 latae
149 421 275 499 qnadam
295 423 468 483 confusione
488 439 578 482 sonos
592 423 686 500 magis
704 428 734 481 et
752 421 881 482 ululatus
900 422 1074 504 excludunt,

55 527 107 569 ore
122 516 152 569 et
171 510 294 572 naribus
313 509 537 572 exsecrabiliter
557 517 707 589 spumant,
727 517 757 570 et
775 509 868 570 veluti
890 511 1075 572 dormientes

56 616 124 658 cum
148 600 247 659 sonitu
270 602 400 678 pectoris
424 601 542 677 gravius
568 601 812 677 comprimuntur.
859 598 1075 660 desistentibus
1098 596 1106 609 ‘

27 701 40 740 s
55 705 125 747 vero
140 687 387 748 commotionibus
401 689 632 766 praeteritorum
647 689 779 747 omnium
792 689 975 748 inmemores
990 689 1075 749 dunt.

54 775 102 835 his
130 774 201 835 licet
233 776 352 836 difficile
380 794 435 854 pro
464 794 570 836 causae
603 775 806 854 magnitudine
835 783 866 836 et
893 794 948 855 pro
977 779 1075 856 ipsius

55 864 250 942 professionis
274 866 482 942 compatientia
506 864 652 925 adiutoria
675 882 749 942 quae
774 866 973 943 competentia
996 865 1072 925 didi-

56 955 151 1013 cimus
174 953 220 1012 vel
243 955 431 1013 exercuimus
454 972 514 1012 non
537 959 691 1030 negantur.
718 985 724 998 ·

1 1038 45 1103 48
146 1044 178 1101 in
197 1044 290 1102 initiis
309 1061 380 1120 ergo
394 1042 519 1101 huiusce
534 1043 682 1119 passionis
697 1041 869 1120 frequenter
883 1059 934 1102 eos
953 1060 1074 1102 vomere

17 1147 43 1185 10
59 1129 242 1211 compellam,
265 1132 509 1191 sternutamentis
534 1132 623 1189 etiam
649 1132 817 1207 provocatis
845 1148 950 1190 eorum
978 1133 1075 1210 capita

57 1219 261 1299 commovebo,
293 1226 427 1280 ventrem
459 1218 506 1278 his
539 1220 601 1278 acri
633 1217 759 1296 clystere
795 1217 970 1296 procurabo.
1017 1219 1076 1279 lre-

58 1315 185 1384 quenter
208 1306 352 1368 adhibebo
384 1306 576 1366 flebotomum
600 1324 718 1384 semper
742 1305 832 1366 huius
860 1324 967 1367 causae
995 1326 1076 1367 com-

57 1401 162 1473 petens
190 1395 377 1455 adiutorium.
423 1394 636 1472 temporalibus
664 1412 734 1454 vero
764 1397 796 1454 in
826 1396 1075 1456 commotionibus

58 1500 109 1542 ora
137 1485 304 1560 spumantia
331 1481 414 1542 molli
443 1486 566 1561 spongia
594 1483 759 1564 detergam,
786 1483 920 1543 membra
949 1483 1075 1545 sollicite

17 1587 43 1627 15
59 1570 215 1630 continebo
235 1573 362 1649 spasmis
381 1580 528 1630 commota
546 1571 592 1631 vel
612 1571 743 1651 saltibus
767 1579 797 1631 et
819 1570 896 1631 lanis
920 1591 995 1651 quae
1015 1573 1075 1632 ire-

58 1666 185 1737 quenter
208 1661 239 1718 in
263 1662 336 1738 ipsis
357 1659 604 1720 commotionibus
624 1667 858 1738 contorquentur
881 1661 989 1721 infusis
1009 1660 1074 1721 oleo

59 1750 191 1827 sicyonio
219 1748 314 1828 calido
344 1749 449 1809 fovebo
478 1757 618 1808 correcta.
669 1750 776 1827 pinnas
806 1748 967 1809 admovebo
996 1752 1076 1810 nitro

58 1843 88 1897 et
121 1837 186 1897 oleo
218 1838 347 1920 infusas,
363 1883 367 1891 .
384 1857 420 1897 er
458 1837 566 1916 quibus
604 1837 706 1897 faciles
738 1839 867 1897 vomitus
899 1837 1075 1916 procurabo.

58 1933 199 2004 poterunt
227 1929 338 1987 etenim
366 1946 403 1986 ex
430 1926 486 1985 hoc
514 1933 565 1986 aut
592 1924 674 1985 cibos
708 1933 759 1986 aut
790 1928 912 2004 pinguia
939 1925 1077 2005 flegmata

19 2031 45 2071 ao
59 2015 229 2094 digerentes
252 2015 383 2076 velocius
406 2014 540 2075 relevari.
588 2016 720 2092 exceptis
744 2013 841 2074 tribus
865 2013 987 2096 diebus,
1011 2017 1077 2094 qui-

59 2103 116 2164 bus
144 2112 190 2165 est
219 2106 250 2164 in
277 2106 426 2183 principio
455 2121 543 2163 curae
577 2105 722 2162 ieiunium
755 2102 963 2184 indicendum,
996 2106 1077 2164 sucis

16 2207 21 2216 ·
59 2194 263 2254 tantummodo
282 2192 437 2254 nutriendi
455 2199 551 2252 erunt.
589 2209 695 2269 aquam
715 2191 807 2251 solam
826 2190 951 2252 calidam
965 2191 1078 2252 bibent.

134 2406 147 2453 1
168 2398 382 2467 confringuntur
399 2399 685 2467 rB(oonfranguntur
704 2398 785 2466 ano:
805 2397 1036 2466 constringuntur
1054 2401 1078 2454 b.

62 2472 91 2522 et
119 2470 237 2523 articule
261 2469 338 2523 vocis
367 2471 396 2523 et
427 2469 538 2522 ululatu
557 2469 649 2537 (-lat
673 2469 740 2537 aar)
764 2467 928 2524 excludunt:
956 2471 997 2525 sic
1022 2470 1075 2525 aar

63 2557 124 2594 eam
147 2543 171 2595 b.
261 2545 277 2592 3
307 2539 503 2593 execrabiliter
526 2541 658 2609 spumant
677 2540 854 2608 (spumantes
874 2539 1026 2607 btrbGalz
1052 2543 1080 2594 et

65 2609 243 2664 sacrabiliter
261 2612 393 2678 spumant
410 2611 446 2665 B.
525 2616 541 2662 4
560 2610 754 2664 desinentibus
774 2611 797 2664 b.
871 2615 886 2663 6
905 2609 957 2663 His
976 2609 1079 2665 licet-

64 2683 243 2805 (appegantur
261 2683 320 2750 (sic)
337 2683 394 2736 rB:
418 2680 469 2733 His
488 2680 556 2734 licet
575 2680 690 2735 difficile
709 2697 759 2750 pro
780 2695 863 2752 cause
882 2680 1079 2750 magnitudine

62 2768 82 2805 a
105 2751 207 2805 'utoria
234 2753 425 2820 competenter
451 2752 588 2806 tradimus
616 2752 663 2805 vel
686 2768 853 2806 exercemus.
883 2753 912 2805 et
937 2769 992 2825 qne
1016 2769 1080 2807 con-

64 2822 182 2877 veniunt
198 2838 256 2875 non
277 2825 417 2892 negantur
436 2825 526 2892 b(om.
547 2824 627 2893 aaa).
749 2821 864 2875 difficile
883 2823 932 2876 Bb
947 2825 1014 2891 (scil.
1034 2841 1081 2878 cu·

64 2896 183 2963 rentur):
202 2911 252 2949 om.
272 2912 294 2948 r.
399 2899 415 2947 8
434 2893 479 2948 vel
493 2913 509 2949 r
523 2896 571 2964 (ωε
591 2896 641 2948 aut
658 2895 694 2949 B.
794 2898 826 2947 10
845 2893 1005 2963 provocatis
1024 2897 1080 2950 rB:

64 2964 219 3019 acrioribus
239 2966 331 3020 odat.
424 2971 456 3019 11
476 2966 520 3020 his
538 2968 586 3021 rb:
610 2983 660 3020 om.
680 2966 778 3021 noar.
879 2964 938 3018 acri
955 2966 997 3021 B:
1017 2982 1081 3020 acro

63 3038 100 3091 rb
112 3037 172 3091 aaz.
244 3037 401 3106 procurabo
415 3039 454 3092 rb
467 3037 580 3108 (daret
599 3052 716 3105 procuro
735 3038 770 3092 B.
854 3042 887 3089 12
907 3035 1048 3090 adhibebo
1067 3055 1082 3091 r

65 3106 155 3176 (-bis
168 3108 256 3176 Gall:
279 3108 364 3162 —beo
383 3111 440 3164 Bb.
515 3115 547 3162 13
567 3107 769 3176 temporalibus
787 3109 843 3163 rB:
864 3107 1080 3162 advenientibus

66 3178 219 3245 indotos.
239 3184 267 3247 2,
282 3184 318 3236 39
337 3186 383 3235 cte.
441 3178 641 3236 inmortali.
699 3184 732 3231 14
750 3177 831 3232 molli
849 3178 1079 3234 reconcilia.

62 3250 182 3320 detergo
201 3253 245 3318 rb,
265 3267 353 3320 *geo
372 3251 400 3303 B
415 3253 511 3320 (-gas
533 3250 613 3318 aar).
712 3256 745 3304 15
765 3248 925 3303 continebo:
946 3252 986 3305 sic
1003 3251 1079 3305 er.

66 3323 394 3390 quae-contorquentur
410 3322 466 3378 rB:
486 3339 535 3377 om.
556 3321 644 3376 bGal.
748 3326 781 3375 17
803 3320 928 3375 correcta
946 3321 986 3390 B,
1007 3321 1083 3389 quod

66 3396 106 3462 (op)
125 3394 203 3447 recta
220 3412 249 3449 r:
269 3394 428 3462 correptet
444 3395 503 3461 (om.
521 3393 600 3461 Gal).
673 3407 780 3459 pennas
799 3393 854 3447 rB:
874 3389 916 3445 ori
934 3407 1041 3460 pennas
1057 3395 1081 3459 b,

66 3463 109 3517 ori
127 3463 243 3532 pinnam
254 3466 315 3520 aar.
371 3463 447 3533 ad(m
460 3466 585 3532 r)moveo
599 3463 664 3520 er
680 3462 833 3531 (amovebis
855 3462 935 3531 Gai).
988 3469 1022 3518 20
1040 3462 1081 3516 di-

56 3538 194 3603 gerentes
211 3537 262 3594 Bb
275 3537 358 3595 anta
379 3537 522 3607 egerentes
541 3554 564 3592 r.
673 3537 706 3586 22
722 3535 804 3588 erunt
822 3534 919 3590 boat:
938 3535 1005 3590 sunt
1022 3535 1081 3600 rB.
