2288 3878
62 159 128 223 282
394 162 741 215 PsaUDO-Tnuoncm

63 334 194 387 renovas,
218 318 352 374 continuo
371 322 401 374 ct
419 318 545 374 dolorem
563 322 593 374 et
609 319 741 377 timorem
757 319 845 377 tollit.
875 320 924 376 vel
942 321 968 376 si
986 338 1022 376 ex
1040 322 1083 377 sui

64 398 200 467 cuiusque
218 415 300 453 sexus
319 399 416 453 fimum
429 398 559 469 imponis.
583 401 691 455 stercus
705 416 855 471 caprarum
868 417 945 470 quae
964 400 994 455 in
1005 419 1083 457 mon·

63 477 141 533 tibus
164 483 310 533 morantur
333 479 433 533 tritum
451 495 515 533 cum
533 478 649 535 vincet
671 479 784 550 saepius
805 478 837 534 in
855 479 946 551 plaga
969 481 1083 553 spalan-

63 557 179 628 gicnum
198 558 244 612 vel
262 574 430 613 araneorum
447 557 612 628 impositum
629 559 736 614 bonum
753 562 805 615 est.
831 559 981 621 ambrosi
1000 578 1083 630 quem

36 637 201 705 emerserit,
220 637 295 692 lacte
314 637 423 692 arboris
437 637 483 691 fici
500 638 680 709 pemnguito,
699 657 765 695 mox
784 638 913 695 dolorem
931 641 1024 699 sedat.
1043 642 1082 696 sic

62 716 130 771 lana
153 717 252 771 sucida
279 716 309 771 in
333 718 432 773 eodem
460 735 526 773 suco
549 717 672 775 intincta
695 721 725 775 et
747 718 883 790 imposita
906 723 938 775 et
961 721 1082 793 septimo

64 795 110 851 die
129 796 223 851 soluta
242 797 368 852 dolorem
386 797 476 851 aedat.
514 798 627 867 coaguli
645 798 733 854 haedi
756 799 804 854 vel
825 799 933 871 leporis
957 800 1082 871 scripula

63 875 119 930 tria
138 893 173 930 ex
190 876 256 930 vinc
279 876 360 946 potui
384 877 460 931 dato.
488 876 542 931 hoc
565 878 595 932 et
617 880 716 933 contra
740 878 922 948 pastinacam
943 880 1082 935 marinam

63 955 140 1013 facit.
164 973 251 1011 ranae
274 957 392 1011 rubetae
411 973 519 1010 morsus
539 956 585 1011 vel
608 955 722 1011 afflatus
746 974 839 1027 sanan
860 957 886 1013 ri
909 974 998 1013 orum
1021 976 1081 1015 cum

24 1050 50 1089 10
65 1039 145 1091 aceto
165 1041 194 1093 et
212 1037 278 1092 vino
297 1039 409 1092 coctum
428 1035 518 1090 dabis.
547 1039 576 1091 et
594 1053 699 1105 aquam
717 1037 768 1091 ubi
789 1037 885 1109 plures
909 1041 978 1094 sunt
996 1056 1080 1095 ranae

64 1115 233 1170 sorbendam
244 1117 319 1184 dato,
334 1114 505 1169 remediasti
530 1115 728 1172 salamandrae
741 1134 882 1173 venenum
896 1118 964 1174 siin
978 1137 1081 1189 aquam

64 1194 199 1250 ceciderit
216 1198 246 1249 ct
263 1195 375 1249 bibenti
393 1195 529 1264 nocuerit,
549 1195 664 1267 sanguia
682 1197 836 1252 testudinis
855 1197 1001 1253 terrestris
1020 1216 1080 1254 cum

63 1272 157 1328 farina
176 1292 288 1344 sparsus
308 1278 337 1329 et
360 1275 390 1329 in
412 1275 527 1330 modum
551 1275 634 1346 panis
652 1275 745 1331 factus
764 1280 793 1332 et
812 1280 942 1347 sumptus
959 1280 963 1351 l
980 1282 1079 1349 (μδ),

64 1352 109 1405 vel
127 1351 212 1406 tritus
230 1354 311 1423 potui
331 1355 414 1408 datus
432 1371 540 1410 veneno
559 1355 756 1410 laborantibus
774 1356 845 1411 mire
863 1357 1014 1414 remediat.

24 1444 50 1485 15
136 1431 244 1486 Vulnus
263 1435 340 1502 quod
359 1435 419 1489 sine
437 1434 511 1490 ferro
526 1436 635 1505 aperire
649 1435 729 1504 velis,
748 1435 822 1489 lauri
836 1435 907 1491 folia
922 1452 958 1492 ex
976 1436 1079 1508 frigide

66 1508 188 1564 intincta
207 1511 319 1581 impone
338 1517 368 1568 et
386 1514 491 1585 obliga,
511 1515 604 1584 aperit
623 1517 652 1571 et
671 1514 796 1570 discutit.

64 1616 112 1670 Ad
125 1616 150 1683 I,
163 1620 201 1671 23
215 1621 278 1706 (732⁴
299 1620 338 1674 de
357 1620 436 1690 igne
456 1638 552 1677 sacro
567 1624 641 1691 (post
658 1637 790 1676 rasorum
804 1620 937 1676 fictilium
949 1622 1003 1678 flos
1020 1640 1081 1678 cum

521 1704 620 1771 aceto).

17 1773 85 1845 21111)
158 1778 232 1833 Nam
251 1783 279 1834 et
302 1780 402 1835 scribis
425 1781 456 1835 in
474 1780 568 1851 ipsum
585 1781 679 1837 locum
697 1779 747 1847 qui
768 1778 879 1849 patitur
900 1780 979 1850 Ignis
1003 1798 1081 1836 sacer

25 1868 51 1909 so
65 1857 143 1929 fuge,
167 1859 252 1915 Livor
273 1863 355 1930 pater
372 1864 401 1916 te
421 1861 556 1929 sequitur.
584 1862 654 1916 item
672 1859 763 1913 scribe
785 1860 839 1914 hcc
861 1861 892 1914 et
917 1861 955 1914 ad
977 1860 1079 1931 capitis

65 1938 190 1995 dolorem
206 1942 396 1996 rceoeaewcr
415 1943 475 1998 alR.
504 1940 574 1995 item
592 1940 683 1995 scribe
697 1940 922 1995 aOPOMalaffl.
947 1939 1034 2010 [Nam
1052 1943 1081 1994 et

65 2019 157 2075 clivse
176 2021 246 2076 folia
265 2021 295 2075 in
313 2020 380 2075 vino
399 2023 480 2076 cocta
498 2023 528 2075 et
545 2021 616 2074 trita
634 2023 664 2074 et
680 2019 830 2089 imposita,
849 2022 999 2088 expertum
1016 2020 1079 2092 est]

63 2098 182 2154 Faecem
200 2100 275 2155 aceti
294 2118 358 2155 cum
376 2099 435 2154 ovis
455 2099 548 2154 crudis
572 2099 734 2154 commisces
754 2099 832 2153 etde
852 2114 948 2167 penna
964 2098 1080 2166 illinies,

64 2179 129 2233 vide
148 2197 183 2235 ne
202 2180 280 2235 laves
301 2181 389 2235 donec
409 2183 531 2234 sanetur.
563 2179 633 2234 item
650 2179 796 2248 polentem
813 2178 888 2232 milii
906 2179 1080 2250 distempera

25 2266 51 2307 2⁵
65 2275 129 2314 cum
147 2261 291 2315 albumine
311 2260 357 2315 ovi
377 2263 405 2314 et
424 2258 495 2327 oleo,
513 2274 648 2329 perunge,
667 2257 769 2311 mirum
787 2260 838 2312 est.
875 2257 1025 2326 porcinum
1042 2257 1080 2313 fel

65 2339 171 2394 illinies
191 2342 226 2394 de
244 2358 337 2410 penne
362 2339 393 2393 in
416 2338 532 2407 balneo,
557 2355 641 2409 saepe
664 2340 811 2407 expertum
832 2340 884 2392 est.
912 2337 998 2392 ricini
1017 2355 1080 2392 sau-

64 2419 129 2486 guis
157 2420 279 2474 illinitus
306 2419 390 2474 valde
417 2418 541 2488 prodest.
570 2417 697 2488 strychni
720 2435 818 2472 sucum
843 2416 960 2472 illinies.
994 2417 1080 2472 cheli·

65 2497 181 2551 doniam
196 2499 297 2552 tritam
315 2517 378 2554 oum
396 2515 469 2568 pane
488 2497 581 2552 infuso
600 2497 631 2552 in
650 2514 724 2566 aqna
743 2496 851 2567 ponito.
880 2496 965 2551 vituli
983 2497 1081 2552 fimum

64 2592 161 2630 recens
184 2577 243 2632 sive
268 2578 406 2632 bubulum
433 2576 597 2647 impositum
623 2578 751 2647 prodest,
779 2577 826 2632 vel
853 2593 917 2631 cum
945 2580 1027 2632 aceto
1056 2577 1081 2631 si

23 2664 51 2705 cc
64 2655 224 2711 misceatur.
253 2657 413 2712 stellionem
432 2674 542 2711 sursum
555 2673 667 2711 versum
685 2660 801 2726 repente
819 2674 906 2711 manu
919 2657 1021 2711 dextra
1035 2657 1081 2711 vel

137 2826 255 2948 rista
311 2877 663 2949 3spalangionum(cic)b.
700 2875 875 2932 lscabrob.
918 2877 1046 2931 cerbere
1056 2880 1080 2932 b.

65 2961 177 3041 6v1⁰1b.
270 2984 474 3056 ucoagulub.
574 2983 664 3039 edib.
764 2983 875 3037 Sdata
895 2985 1021 3053 (aeno)
1041 2986 1079 3039 b’.

66 3061 98 3109 11
118 3074 194 3126 aqua
212 3058 236 3112 b.
310 3063 344 3111 14
362 3056 513 3129 remediat]
530 3056 574 3111 be's
592 3053 867 3111 contrectantes.
962 3059 995 3108 19
1014 3071 1081 3109 acer

66 3131 190 3198 (semper)
210 3129 234 3183 b.
280 3133 316 3182 20
335 3127 462 3196 sequitur
480 3131 498 3182 ἑ.
518 3125 696 3196 persequitur
714 3126 748 3192 cf.
768 3132 793 3179 et
811 3126 966 3192 infractier
984 3132 1010 3180 et
1022 3127 1080 3193 for-

64 3202 203 3254 mularum
221 3201 344 3268 exempla
379 3201 471 3254 emeris
489 3200 695 3267 imeriptorcem,
715 3196 787 3250 celat
797 3195 903 3261 (Reece
916 3198 1081 3251 oreb.1892

61 3288 91 3340 p.
103 3275 150 3339 55)
174 3278 262 3339 φεῦγε
292 3272 435 3339 accaron,
462 3268 581 3340 περσεύς
603 3286 632 3322 σε
656 3267 753 3320 διώκει
771 3266 836 3336 [W.
850 3268 871 3334 f.
886 3268 921 3321 lcl.
937 3266 988 3322 Plo.
1003 3270 1080 3322 1892

61 3343 173 3414 p.637]
191 3343 226 3410 cf.
246 3340 335 3396 Marc.
351 3345 455 3410 p.379‚
470 3345 514 3396 19.
605 3342 711 3393 21-22
730 3339 847 3392 haecce
871 3338 973 3394 Tbsod.
989 3343 1015 3404 1,
1035 3342 1078 3392 73.

66 3473 100 3522 es
120 3465 247 3523 ccmisois
266 3466 289 3521 s.
372 3469 406 3519 rc
424 3424 616 3534 barusim-is
634 3462 685 3518 eei.
704 3461 785 3528 corr.)
801 3462 824 3514 o.
899 3466 932 3517 2⁷
952 3459 1034 3518 cerr
1054 3463 1078 3517 e.

60 3546 98 3597 29
119 3537 259 3595 bubulinr'r
279 3539 302 3594 b.
