2310 3864
12 181 14 187 '
93 188 160 252 422
428 189 772 242 renunc-rasonom

94 347 213 401 radices.
243 347 317 400 unde
346 350 443 402 coctae
466 347 496 399 in
525 350 605 402 aceto
634 348 671 401 ad
700 347 826 401 dentium
854 347 966 402 dolores
992 346 1112 418 faciunt,

94 427 246 497 praecipue
266 426 304 481 ad
322 426 502 481 comestiones
522 443 625 481 eorum.
649 426 743 494 liquor
760 443 827 482 vero
845 427 973 496 ipsorum
991 427 1112 498 capillos

93 506 183 574 vellit,
203 509 232 560 et
251 505 276 559 si
290 505 451 575 frequenter
464 505 585 574 unxeris,
606 505 703 575 capilli
717 506 774 576 ipsi
788 509 920 561 arescunt
939 510 969 561 et
981 511 1112 577 pereunt.

94 587 199 641 tollunt
217 585 305 640 etiam
323 603 463 656 verrucas,
483 588 583 640 emant
600 586 803 656 impetiginem.

41 672 92 721 126
165 665 325 735 Titanos,
354 683 426 734 quae
455 665 616 735 appellatur
638 665 702 719 calx
725 665 803 729 viva,
829 666 1014 722 vehementer
1037 683 1114 720 com·
1139 684 1150 725 5

94 746 179 813 horit,
200 745 326 799 extincta
343 762 409 800 vero
428 745 551 800 fideliter
569 746 627 800 urit
645 747 694 800 sed
712 763 820 815 parum.

41 831 92 878 127
165 825 428 894 Tragacanthus
448 826 548 880 similis
567 826 598 879 in
616 826 721 880 virtute
740 827 843 880 cummi
863 829 914 882 est.
934 828 963 881 61
978 827 1114 882 similiter

93 905 184 959 lenius
204 903 396 974 aegritudines
415 922 544 959 umorum
563 905 693 960 exsiccat.
714 906 751 959 ad
769 921 857 960 renes.

41 988 93 1037 128
166 984 419 1058 <Terebinthus
436 1030 441 1040 .
458 1030 463 1040 .
480 985 508 1059 .>
533 1002 600 1039 nam
623 988 652 1039 61
675 988 771 1040 cortex
790 988 820 1040 et
841 984 949 1039 fructus
974 986 1115 1042 virtutem

28 1120 35 1132 ,
94 1063 247 1132 stypticam
271 1064 391 1134 habent,
420 1066 470 1119 sed
494 1068 523 1119 et
551 1065 722 1120 calefaciunt
745 1068 774 1119 et
796 1065 912 1121 siccant.
937 1068 967 1120 et
990 1066 1114 1121 nimium
1127 1084 1149 1123 1o

94 1143 200 1198 virides
224 1144 248 1196 si
271 1143 388 1214 fuerint,
412 1145 505 1199 minus
529 1145 700 1199 calefaciunt
728 1148 757 1200 61
780 1146 895 1200 siccant.
920 1145 995 1200 etsi
1018 1147 1113 1202 siccae

93 1224 206 1291 fuerint,
226 1227 255 1278 61
273 1224 369 1278 urinas
387 1228 544 1294 provocant
562 1228 591 1279 et
610 1226 735 1294 splenem
753 1228 861 1280 curant.

42 1308 93 1356 129
167 1302 328 1357 Tribolus
348 1304 483 1358 virtutem
500 1305 589 1359 habet
607 1305 749 1375 frigidam.
769 1308 798 1360 61
812 1305 933 1375 agrestis
951 1305 1045 1361 habet
1061 1307 1115 1361 sic-

96 1400 158 1436 cam
176 1384 205 1435 et
224 1383 377 1451 stypticam
395 1384 537 1452 virtutem,
562 1385 635 1440 alter
653 1388 749 1439 autem
767 1387 893 1438 umectus
914 1387 966 1439 est.
992 1389 1023 1440 et
1041 1386 1114 1441 facit

93 1460 213 1530 agrestis
232 1462 270 1514 ad
287 1462 397 1531 lapides
416 1481 522 1534 renum,
543 1465 567 1518 si
585 1469 681 1519 coctus
700 1465 731 1518 in
749 1482 824 1534 aqua
843 1465 926 1518 datus
944 1464 1044 1523 fuerit.
1126 1482 1149 1523 15

40 1547 92 1596 130
164 1540 235 1594 Uva
253 1558 358 1609 passa
376 1543 512 1598 virtutem
530 1544 653 1598 calidam
668 1548 697 1598 et
713 1545 866 1614 stypticam
883 1544 981 1615 habet,
1003 1550 1033 1602 et
1053 1565 1113 1602 ma·

92 1623 171 1674 turat
188 1637 298 1675 umores
318 1627 463 1692 corruptos
482 1627 511 1678 61
530 1624 706 1678 stomachum
720 1625 868 1679 confortat.
889 1625 1013 1694 denique
1030 1631 1062 1682 et
1077 1629 1113 1682 ad

93 1701 222 1771 potiones
247 1702 385 1755 stomachi
408 1707 438 1758 et
460 1704 551 1773 epatis
578 1704 786 1771 commiscetur,
813 1706 842 1758 et
865 1707 910 1758 est
932 1705 1114 1761 adiutorium

93 1782 238 1851 optimum.

40 1866 89 1914 131
163 1863 274 1916 Venta
296 1862 430 1917 virtutem
454 1864 607 1933 stypticam
631 1868 660 1919 61
678 1864 812 1933 frigidam
831 1863 926 1918 habet.
951 1865 1065 1922 idcirco
1085 1872 1149 1923 etro

92 1941 197 1995 fluxum
215 1942 321 1995 ventris
341 1943 475 1997 continet.

41 2026 91 2074 132
164 2021 281 2075 Viscus
306 2021 440 2077 virtutem
461 2024 550 2078 habet
580 2024 703 2078 calidam
731 2027 760 2078 61
784 2024 875 2078 trahit
903 2024 937 2079 de
966 2026 1112 2093 profundo

93 2118 211 2170 umores,
231 2118 288 2155 non
307 2102 397 2155 solum
415 2105 513 2157 tenues
534 2104 584 2157 sed
602 2104 690 2158 etiam
704 2103 817 2174 spissos,
837 2107 866 2158 et
880 2103 968 2158 solvit
987 2109 1017 2159 61
1034 2125 1114 2176 spar-

93 2180 144 2248 git.
164 2181 297 2234 continuo
316 2181 412 2249 itaque
431 2183 547 2237 minime
566 2183 711 2251 calefacit,
737 2184 786 2237 sed
805 2182 922 2245 tardius.
943 2186 1019 2254 (133)
1041 2187 1113 2242 folia

163 2390 179 2437 5
199 2385 294 2439 Simon
312 2403 332 2440 s.
352 2385 478 2439 Titanus.
498 2386 565 2440 The.
586 2387 655 2441 Pris.
675 2386 748 2439 libro
769 2387 803 2440 de
822 2387 944 2456 simplici
964 2391 1111 2446 medicina

92 2457 136 2508 est
149 2455 213 2507 calx
226 2455 292 2509 viva
306 2455 390 2511 idem.
401 2456 505 2510 Paulus
520 2474 561 2511 oa.
578 2458 612 2510 de
626 2457 752 2526 idropisi.
773 2458 822 2511 sed
837 2457 910 2511 libro
926 2459 961 2512 de
977 2461 1111 2517 doctrina

92 2542 176 2594 greca
194 2528 227 2579 ut
246 2543 330 2595 supra
349 2529 414 2595 (scil.
435 2531 479 2582 est
497 2528 560 2582 calx
579 2545 594 2581 6
613 2545 702 2597 gypso
721 2532 793 2598 etc).
814 2531 860 2597 (cf.
883 2530 980 2598 Orcla).

164 2708 179 2755 2
200 2704 237 2757 ad
255 2705 475 2758 conmestionem
494 2702 698 2777 (βεβρωμένοις)
719 2705 752 2760 G.
826 2711 842 2758 5
863 2705 1055 2776 inpetiginem
1075 2713 1111 2764 ti-

91 2779 201 2829 tannos.
222 2791 275 2842 que
294 2781 340 2830 ct.
362 2778 432 2843 (siae
450 2777 552 2844 discr).
625 2776 805 2845 appellantur
819 2776 928 2831 calcina
941 2779 1009 2833 viva
1025 2799 1112 2837 veae-

91 2849 200 2901 menter
220 2846 253 2901 G.
277 2865 279 2869 ·
336 2852 351 2900 6
371 2864 393 2901 c.
414 2846 565 2900 &istricta
582 2847 615 2902 G.
694 2864 806 2916 parum:
824 2865 939 2916 passum
957 2852 1015 2905 cod.
1039 2853 1074 2907 G.

93 2924 108 2970 7
128 2920 168 2972 De
187 2920 344 2986 tragantus.
365 2918 520 2971 Tracantus
541 2917 574 2972 G.
652 2917 767 2973 cummi:
787 2936 899 2987 gumme
918 2922 975 2975 cod.
996 2924 1113 2992 (κόμμει

92 2990 196 3058 Diosc.)
218 2990 250 3043 G.
324 2988 448 3042 tianius
470 2988 503 3042 G.
595 2989 702 3043 exiccet
721 2989 758 3041 ad
776 3006 856 3043 renes
875 2989 949 3043 Nam
969 2994 999 3045 et
1018 2996 1113 3049 cortix

93 3063 121 3112 et
148 3060 275 3113 fractus.
293 3103 298 3114 .
315 3103 320 3113 .
338 3062 398 3126 (ubi
421 3061 594 3129 principium
620 3062 686 3115 uoci
712 3062 831 3128 capitali
857 3078 906 3114 om.
935 3064 1016 3130 cod).

93 3134 126 3181 10
145 3129 301 3197 istipticam
322 3131 354 3184 G.
438 3136 472 3184 12
491 3132 520 3183 61
538 3130 630 3200 isplcn
648 3149 670 3186 6.
693 3131 725 3185 G.
818 3137 851 3183 13
870 3131 911 3184 De
929 3132 1028 3188 tribui.
1049 3136 1113 3190 Tri-

91 3199 141 3251 bui
162 3200 195 3253 G.
269 3206 303 3252 14
321 3200 478 3270 istipticam
498 3202 531 3255 G.
619 3201 691 3255 alter
710 3206 817 3256 autem:
837 3201 952 3255 alterita
971 3221 1028 3271 que
1049 3208 1112 3275 (hu-

91 3271 209 3338 meatus)
221 3270 254 3323 G.
311 3276 343 3323 16
359 3275 413 3343 (20)
429 3271 580 3343 [ἰ]61ίρ1166
594 3273 626 3327 G.
681 3277 794 3328 matura
809 3276 931 3327 tumores
944 3274 978 3329 G.
1038 3279 1113 3332 17&

92 3343 235 3393 ostomacir
254 3356 277 3393 c.
299 3341 331 3395 G.
405 3350 438 3396 18
470 3343 613 3396 istomaci
634 3343 667 3398 G.
745 3343 942 3399 commiscitur.
1005 3353 1041 3400 19
1063 3349 1112 3403 olr-

91 3409 191 3465 timum
217 3411 249 3466 G.
354 3412 455 3467 20οΧ
568 3415 610 3467 Ι)6
633 3417 726 3468 uenta.
750 3415 843 3470 Venta
864 3415 982 3482 001661.
1006 3417 1111 3474 Inante

78 3482 220 3556 (οἰνάνθη
239 3484 338 3544 Dc'osc
354 3488 380 3557 5,
397 3487 432 3559 5).
494 3485 555 3540 ab&
575 3485 610 3540 G.
662 3485 854 3539 2211661666.
875 3484 976 3540 Viscus
998 3487 1113 3559 θ(ἰξός

71 3556 135 3616 Gal.
154 3563 275 3637 ubc'seq.
294 3563 344 3620 ἴου
358 3560 397 3620 τὰ
413 3560 529 3634 φύλλα).
574 3556 694 3612 traitG.
726 3555 934 3621 ‘respergas
970 3563 1112 3616 24.„t2,1.
