2288 3878
399 147 560 228 narona
578 177 729 229 aarum.
1010 176 1075 240 477

60 336 237 391 stomachum
256 333 381 402 veniens,
400 335 476 403 quod
495 334 572 404 greci
592 334 766 388 stomaoilias
786 334 892 404 dicunt,
911 335 965 389 hoc
984 338 1028 390 est
1047 353 1077 390 os

59 415 176 484 ventris,
195 415 244 484 qui
263 413 467 469 excalefactum
486 432 584 472 sucum
602 414 728 469 ciborum
747 414 785 468 ad
803 417 930 470 ventrem
949 416 1079 470 iosanum

60 494 159 564 mittit,
178 495 228 563 qui
246 496 290 549 est
308 494 434 564 asperior
452 494 499 549 vel
517 494 593 549 intra
612 511 641 550 se
661 494 808 564 duplioior.
828 495 964 564 quiequid
983 500 1078 551 autem

61 575 154 629 carias
173 574 302 630 ciborum
320 576 397 643 sunt,
421 575 459 629 ad
482 574 633 630 intestinas
652 575 773 644 vadunt,
797 592 851 643 que
871 579 994 630 stercora
1014 592 1077 645 ege-

61 658 169 711 runtur.
194 654 371 725 degestiones
394 655 466 709 fiunt
489 658 559 723 tres,
587 655 679 725 prima
702 655 732 709 in
755 672 888 725 vaporem
911 658 940 709 et
963 656 1078 711 odorem
1105 668 1118 708 5

62 734 178 804 spiritus
197 734 287 789 trahit
305 734 401 804 pulmo
420 750 489 803 epar
507 735 652 789 cerebrum
666 736 695 788 et
708 734 802 804 pulpe,
824 737 947 789 secunda
966 735 997 788 in
1011 752 1078 789 suco

61 815 101 868 ad
119 817 244 870 ventrem
263 813 393 869 iosonum
412 817 441 868 et
460 815 498 868 ad
516 813 666 870 intestinas
680 814 799 884 ieiunas,
818 815 904 869 tertia
923 815 953 868 in
972 832 1077 884 careas,

62 911 117 963 que
135 898 201 950 sunt
220 897 351 949 stercora.
378 911 446 948 nam
463 892 573 947 urificia
591 895 731 949 viscerum
748 897 877 948 nostrum
895 898 961 949 sunt
978 895 1077 964 multa,

62 975 114 1030 sed
130 975 240 1031 maiora
259 974 323 1042 dua,
342 990 393 1043 per
411 972 487 1041 quod
506 973 660 1044 accipimus
679 976 709 1029 et
726 992 777 1044 per
795 976 871 1043 quod
889 975 1040 1030 reddimus.

382 1114 494 1170 XXIIII.
513 1115 560 1170 De
578 1115 758 1171 intestina.
1091 1137 1117 1176 1o

132 1205 272 1261 intestina
295 1207 391 1259 autem
413 1222 471 1260 non
493 1206 606 1259 tantum
634 1205 758 1261 flexuosa
781 1205 887 1274 brevis,
916 1206 966 1260 sed
990 1205 1078 1260 ctiam

61 1302 140 1341 more
159 1283 401 1355 receptaculorum
423 1284 518 1354 sepius
545 1283 674 1354 inpedita
703 1286 740 1339 ad
764 1285 917 1340 detinenda
941 1285 1078 1340 alimenta

62 1366 190 1432 fiuntque
215 1363 294 1418 velut
317 1364 461 1432 quondam
487 1363 659 1420 laberentus.
684 1368 750 1420 sunt
773 1369 870 1420 autem
891 1365 1076 1435 quadriplieis

62 1446 197 1498 contexta
215 1442 400 1513 membranis,
419 1442 574 1498 forinsecus
592 1461 712 1499 nervosa
727 1444 795 1515 duo,
820 1445 938 1500 interius
961 1460 1077 1500 carnose

64 1525 133 1593 duo,
158 1522 378 1591 dividunturque
401 1522 432 1576 in
454 1526 549 1593 partes
568 1523 614 1579 III.
643 1524 737 1578 ieiune
761 1524 895 1580 intestine
918 1526 1078 1581 cubitorum
1092 1534 1118 1575 15

65 1604 124 1673 VH,
144 1620 198 1672 que
216 1605 360 1673 ponuntur
373 1603 412 1658 ad
425 1603 592 1658 umbilicum
610 1608 639 1659 et
657 1605 751 1658 iusum
764 1604 911 1661 humorem
928 1606 1077 1675 recipiunt.

62 1685 122 1739 late
145 1682 279 1739 intestine
307 1682 467 1739 cubitorum
484 1683 549 1739 XIII
572 1701 589 1738 a
612 1687 711 1739 ventre
736 1683 889 1754 incipiunt,
918 1685 968 1753 qui
991 1685 1078 1738 susci-

62 1765 146 1835 piunt
170 1763 343 1834 digestiones
366 1781 401 1818 ex
426 1764 602 1819 stomachum
626 1767 655 1818 et
677 1767 805 1819 ventrem
828 1765 951 1820 flexuoso
975 1765 1077 1818 itinere

62 1847 148 1901 vento
162 1844 248 1915 pleni.
268 1844 361 1899 colum
375 1844 550 1913 intestinum,
564 1843 614 1912 qui
628 1843 743 1913 ponitur
757 1861 840 1914 super
853 1844 968 1913 inguem
980 1844 1077 1898 dextre

62 1925 165 1996 partis,
194 1924 373 1994 longitudine
401 1924 559 1995 palmorum
581 1923 646 1993 ΗΠ,
673 1924 722 1992 qui
749 1924 877 1979 iunctum
905 1927 949 1978 est
975 1922 1076 1978 vissioe
1092 1934 1117 1974 ao

64 2022 150 2058 anum
169 2007 198 2059 et
216 2003 273 2057 iliae
293 2004 383 2059 ambe.
407 2021 474 2058 nam
493 2021 588 2059 omnes
607 2003 742 2059 intestine
761 2004 917 2074 iunguntur
935 2003 1076 2073 adipibus,

64 2083 114 2151 qui
133 2081 260 2136 ciborum
277 2099 356 2138 mora
375 2083 510 2153 queritur,
528 2084 575 2139 vel
593 2101 628 2139 ne
647 2084 736 2139 etiam
753 2084 872 2139 adsidue
891 2101 985 2140 escam
1004 2083 1077 2138 desi-

65 2163 187 2217 deretur.

137 2342 327 2393 lstomacum
346 2339 378 2393 P.
451 2340 528 2410 greci
549 2342 582 2397 G.
655 2343 707 2397 hos
730 2342 760 2398 U
839 2347 988 2396 2suooum
1008 2341 1077 2397 Get

63 2416 127 2466 uate
145 2413 195 2480 e'ps.
215 2427 283 2467 corr.
299 2411 331 2465 P.
388 2416 403 2463 3
424 2410 563 2466 dublioior
582 2413 613 2483 U,
629 2413 787 2484 dupplicior
808 2413 840 2468 G.
913 2420 1000 2486 4qnp
1015 2412 1076 2468 UG.

63 2484 195 2537 5autem
214 2485 287 2552 (post
306 2482 379 2552 deg.)
398 2483 462 2538 odd.
485 2483 518 2539 G.
574 2494 709 2554 deparce
727 2486 843 2539 rubrum
864 2485 896 2540 G.
953 2501 1019 2538 suco
1039 2485 1076 2539 P:

63 2570 131 2607 suou
155 2554 186 2621 U,
206 2571 290 2609 sucou
312 2555 344 2610 G.
419 2553 584 2609 'liusanum
607 2557 670 2611 UG.
751 2556 860 2611 ieiunas
880 2557 950 2612 PU:
970 2574 1020 2611 om.
1043 2556 1075 2611 G.

62 2624 151 2679 tercia
170 2625 202 2679 P.
276 2643 373 2681 careas
394 2627 456 2696 (sic)
476 2643 567 2682 corace
584 2635 616 2682 ut
633 2645 720 2697 supra
738 2627 837 2683 carfas.
898 2633 914 2681 8
933 2645 988 2699 que
1012 2627 1075 2682 UG.

63 2694 171 2751 crificia
194 2696 257 2751 UG.
349 2703 382 2751 11
402 2714 459 2751 non
478 2698 515 2753 P:
534 2715 585 2753 om.
610 2697 674 2753 UG.
769 2699 857 2754 flexus
876 2698 987 2752 abrevis
1012 2697 1075 2752 UG.

63 2772 96 2820 12
117 2766 190 2819 adde
208 2768 331 2822 tenenda
350 2769 383 2822 P.
458 2773 491 2821 18
510 2785 564 2838 que
588 2768 657 2824 UP.
741 2770 862 2825 condam
879 2769 911 2822 P·
999 2766 1077 2820 labo·

62 2838 160 2890 rentur
180 2835 213 2889 G.
296 2845 329 2892 14
347 2837 513 2892 mimbranis
532 2840 570 2894 P:
589 2839 715 2893 membra
735 2840 792 2894 UG
809 2841 869 2909 (ubi
885 2837 1012 2891 membra
1028 2841 1032 2903 Ι
1053 2836 1081 2890 U

62 2910 94 2962 ia
111 2907 165 2972 fiac
183 2909 292 2975 ousae).
383 2906 544 2962 forensecis
563 2910 595 2964 P.
719 2914 752 2962 15
772 2909 802 2961 in
820 2926 870 2963 om.
892 2908 925 2962 G.
1033 2906 1077 2959 in-

61 2975 174 3033 testinae
194 2975 226 3029 P.
283 2981 316 3030 16
336 2980 444 3046 septem
467 2979 531 3033 UG.
586 2996 641 3052 que
665 2979 724 3035 UG.
783 2984 816 3031 17
835 2977 996 3032 cubitorum
1009 2977 1076 3033 PU:

62 3048 284 3118 gubernatorum
304 3047 337 3102 G.
406 3047 542 3102 tredecim
565 3050 628 3104 UG.
685 3054 719 3102 18
739 3047 916 3118 degestiones
936 3048 968 3101 P.
1020 3052 1076 3103 sto-

61 3119 163 3173 macho
183 3121 212 3171 et
230 3120 328 3172 ventre
352 3117 415 3172 UG.
514 3118 640 3174 fluxuose
661 3120 694 3174 G.
784 3118 892 3173 itenere
910 3120 942 3174 P.
1033 3120 1075 3173 in·

62 3190 169 3245 testinu
193 3189 251 3245 UG.
332 3195 365 3242 20
384 3191 479 3257 partes
498 3190 530 3245 P.
621 3188 829 3258 longitudinem
852 3190 911 3246 UG.
993 3194 1075 3260 quat-

61 3264 127 3316 tuor
150 3262 181 3330 U,
201 3262 322 3328 quatuor
343 3259 376 3314 G.
449 3259 536 3334 visice
559 3262 592 3316 G.
671 3265 703 3314 21
724 3260 773 3316 ilie
797 3263 833 3331 U,
852 3261 902 3334 ilie
923 3262 957 3318 G.
1030 3269 1076 3317 om

62 3333 99 3388 P:
120 3331 244 3386 omnium
267 3331 330 3387 UG.
404 3329 538 3386 intestine
561 3333 592 3388 U.
648 3331 785 3401 adipebus
804 3334 838 3401 P,
857 3333 995 3404 adepibus
1014 3335 1074 3390 UG.

62 3409 96 3457 22
115 3402 243 3476 queritur
259 3404 292 3459 G.
383 3406 456 3457 fine
475 3405 512 3459 P:
531 3404 606 3459 unde
631 3405 659 3459 U
662 3404 695 3460 G.
781 3405 894 3460 assidue
917 3407 949 3474 U,
969 3423 1020 3480 -p
1041 3407 1074 3461 G.

62 3473 237 3529 desideretur
256 3476 293 3531 P:
318 3471 460 3529 desideret
483 3475 546 3532 UG.
570 3477 622 3532 tac
644 3492 728 3546 usquc
749 3495 825 3534 amre
846 3476 903 3534 eod.
928 3478 956 3533 U
972 3480 1073 3546 (1222)

61 3547 94 3600 ia
111 3561 164 3615 quo
182 3547 279 3603 desum
298 3547 374 3615 (cao,
392 3551 424 3602 ut
437 3551 519 3618 puto)
537 3548 616 3617 solia.
