2288 3878
84 170 128 237 20
393 170 583 226 THEODORI
600 169 779 223 Pmsctsnu

85 337 204 414 corpori
221 334 363 413 prodesse
383 336 465 414 prius
485 342 633 414 poterunt,
654 336 742 394 etiam
760 334 915 413 paniculis
933 335 1009 397 haec
1029 345 1101 397 sunt

86 425 231 485 adiutoria
259 423 405 483 socianda.
451 422 618 482 eulorbium
645 424 749 482 tritum
773 442 841 484 cum
864 423 929 483 oleo
952 442 1009 502 pro
1032 424 1103 486 lini-

85 520 184 573 mento
200 511 401 591 adhibeamus,
420 519 470 572 aut
484 511 583 571 oleum
596 510 745 571 laurinum
760 511 866 592 solum,
884 520 936 573 aut
954 517 1102 574 nasturcii

86 621 187 663 semen
211 619 279 661 cum
303 601 377 680 oleo,
404 607 454 660 aut
478 599 602 678 sulphur
624 601 723 660 vivum
746 618 814 660 cum
838 602 918 660 nitro
938 601 1100 663 'combusto

59 694 188 768 ⁵aequis
212 688 393 769 ponderibus
417 707 485 748 cum
504 696 596 768 aceto,
620 696 670 748 aut
688 706 794 748 erucae
814 707 917 749 semen
936 708 1007 750 cum
1026 689 1100 751 oleo.

86 788 136 840 aut
162 780 274 839 ursinis
307 776 442 854 adipibus
472 777 674 837 tantummodo
703 777 914 838 confricantur.
960 778 1101 839 similiter

86 870 175 928 etiam
203 866 369 944 alcyonium
392 864 579 926 combustum
603 883 671 925 cum
695 873 777 925 aceto
800 865 847 925 vel
871 865 973 926 cedria
996 885 1100 946 opera-

86 956 174 1016 bitur.
221 955 277 1013 hoc
301 955 389 1013 etiam
413 955 542 1013 murium
562 944 648 1014 fimus
668 972 736 1013 cum
755 961 848 1034 aceto,
870 953 929 1014 hoc
947 955 1098 1034 amygdala

87 1062 198 1123 amara,
221 1043 277 1102 hoc
301 1060 389 1121 cepae
414 1045 500 1101 tritae
524 1060 592 1101 cum
616 1041 690 1122 oleo,
708 1042 764 1103 hoc
787 1042 881 1102 ralani
905 1049 1009 1103 cortex
1034 1062 1099 1104 cum

47 1144 73 1184 10
87 1132 174 1192 melle
193 1133 319 1191 coutrita
341 1132 419 1191 lacit.
464 1148 533 1189 nam
556 1132 646 1189 etiam
669 1131 741 1190 terri
763 1132 900 1209 purgatio
924 1149 994 1192 cum
1018 1139 1097 1193 aceto

87 1220 133 1281 vel
159 1219 305 1281 hordeum
331 1219 518 1279 combustum
542 1237 609 1278 cum
637 1220 767 1279 murium
795 1220 865 1278 fimo
889 1226 920 1278 et
942 1227 1028 1281 aceto
1051 1240 1097 1281 cu·

88 1327 154 1368 rare
188 1315 293 1386 potest.
341 1326 443 1367 omnes
473 1307 674 1367 conlectiones
702 1325 777 1386 quae
805 1307 999 1368 mediocriter
1027 1308 1097 1370 cale-

88 1397 186 1456 lacere
218 1397 346 1474 possint,
378 1394 578 1456 mediocribus
612 1403 641 1455 et
668 1393 891 1456 delicatioribus
926 1396 1096 1476 corporibus

89 1482 271 1544 adhibendae
300 1491 377 1544 sunt.
422 1487 506 1562 prius
535 1492 663 1544 attamen
694 1482 759 1544 loca
791 1483 913 1544 linteolo
941 1503 1039 1564 nsque
1065 1484 1096 1546 ad

50 1584 74 1624 15
89 1571 229 1632 ruborem
262 1580 329 1631 aute
362 1590 463 1632 curam
494 1572 682 1632 confricanda
710 1579 811 1652 erunt,
843 1571 1038 1634 mediocriter
1063 1591 1094 1633 ne

88 1660 288 1722 vulnerentur.
335 1679 410 1739 quae
440 1663 465 1720 si
492 1660 734 1740 vulnerabuntur,
762 1660 827 1720 oleo
855 1679 944 1721 roseo
967 1661 1015 1722 vel
1042 1662 1094 1722 adi·

90 1750 177 1828 pibus
200 1751 346 1810 anserinis
369 1749 533 1810 recurando
557 1756 652 1808 erunt.

161 1945 175 1992 1
194 1939 271 2008 prius
286 1936 520 2008 poteruntz'prius
534 1937 686 2005 potuerant
694 1936 731 2005 B,
744 1935 808 2017 plus
817 1938 953 2005 poterunt
963 1938 1022 1996 Get.
1032 1939 1095 2008 (pro

89 2010 184 2064 banda
204 2011 269 2063 sunt
287 2012 311 2078 b,
332 2007 514 2076 comprobata
533 2009 598 2061 sunt
616 2010 649 2076 r).
723 2009 810 2061 etiam
827 2006 976 2076 particulis
995 2010 1094 2066 111111.

90 2104 105 2152 2
123 2098 223 2152 tritum
237 2100 274 2152 br
285 2097 356 2152 oeta
376 2096 472 2149 autem
486 2097 555 2164 (aut)
569 2095 669 2150 tritum
682 2098 718 2151 B.
862 2095 1042 2152 linimentum
1054 2097 1095 2153 nd·

89 2169 172 2224 hibeo
193 2171 235 2223 br.
309 2172 325 2220 3
345 2164 486 2220 launnam
505 2166 595 2221 solum
613 2169 649 2222 br
668 2166 740 2222 oeta
764 2165 855 2220 solum
873 2166 1017 2224 laurinum
1033 2172 1067 2227 B.

91 2242 140 2293 aut
159 2239 252 2309 (nest.)
271 2238 316 2292 hic
334 2244 360 2294 et
377 2239 409 2291 ia
427 2253 494 2307 seqq.
515 2255 564 2293 111.
585 2237 626 2294 br.
681 2237 858 2292 4combusto
873 2239 901 2292 B
912 2240 987 2298 Gela
1008 2234 1095 2294 -ttt

91 2309 304 2378 (commixtos).
403 2309 512 2376 5(cum
530 2309 621 2377 aceto)
640 2308 792 2363 contritum
809 2310 872 2364 add.
894 2311 937 2365 br.
1012 2325 1097 2367 semen

91 2383 127 2434 br
139 2381 209 2434 eet:
230 2377 335 2432 semine
349 2379 385 2434 B.
459 2384 474 2431 6
490 2378 677 2434 confricentur
696 2381 844 2450 (-gentur
857 2380 895 2450 B)
910 2380 973 2438 Br:
993 2383 1098 2438 -oetux

92 2450 177 2525 idel.
286 2449 375 2504 8hoc
393 2449 480 2504 etiam
498 2453 540 2520 (at
557 2457 583 2506 et
600 2452 632 2504 ia
650 2467 718 2520 seqq.
737 2451 799 2519 hoc,
816 2458 929 2521 praeter
946 2469 1036 2509 111111
1052 2451 1098 2505 hoc

93 2518 238 2590 amigdala
258 2536 310 2574 am.
331 2522 356 2589 b)
375 2537 425 2575 om.
440 2524 484 2577 br.
551 2522 625 2589 (item
639 2524 682 2590 11)
697 2521 817 2574 murium
832 2522 913 2579 Btr:
934 2541 1033 2578 -rum
1047 2522 1099 2578 Gal.

93 2598 109 2646 8
128 2606 195 2659 cepe
214 2589 283 2644 triti
302 2592 329 2644 B
348 2593 444 2661 (cepae
461 2592 547 2646 tritae
567 2592 648 2661 Geth:
669 2608 739 2661 cepa
756 2591 825 2646 trita
844 2594 886 2648 br.
989 2600 1099 2649 101111-

91 2661 160 2716 trita
179 2662 310 2717 BrGel.:
330 2663 410 2717 -tus
429 2664 453 2720 b.
524 2661 602 2718 facit.
622 2662 794 2717 nemetiam
812 2681 861 2719 1111.
882 2665 926 2721 tr.
961 2677 964 2683 ’
1010 2672 1042 2720 11
1060 2661 1101 2720 vel

92 2734 133 2788 B:
154 2731 194 2786 sic
214 2732 280 2800 oet,
300 2750 350 2788 om.
370 2735 413 2789 tr.
506 2749 604 2788 curare
621 2752 648 2803 p.
670 2734 742 2789 Get:
762 2733 867 2788 siccare
885 2752 912 2804 p.
932 2736 962 2789 B
979 2737 1034 2805 (om
1051 2737 1097 2803 br).

92 2810 243 2874 sequantur
260 2806 352 2858 altena
371 2806 479 2859 111111
498 2807 560 2861 bor.
626 2810 659 2858 12
678 2821 773 2858 omnes
793 2804 982 2860 confectiones
1000 2806 1098 2862 Bau:

93 2874 187 2929 omnia
202 2876 256 2930 bre
266 2876 324 2944 (pai
337 2875 403 2931 haec
416 2874 511 2929 omnia
526 2920 572 2937 ..,
588 2874 750 2929 adhibenda
764 2878 829 2930 sunt
841 2878 942 2933 lrabeat
951 2885 1017 2947 post
1028 2875 1098 2948 prius

94 2991 117 3001 ..
135 2991 139 3000 .
159 2943 357 3015 vulnerentur).
415 2951 448 2999 13
466 2946 576 3017 possint
588 2947 658 3002 Get:
677 2948 796 3016 possunt
814 2948 870 3002 Br.
926 2953 961 3001 14
980 2950 1099 3003 attamen

94 3017 152 3072 eet.
172 3034 187 3070 r
206 3018 311 3085 (tamen
330 3019 368 3086 lp:
388 3032 454 3087 ergo
473 3018 509 3072 B.
599 3016 723 3071 linteolis
743 3019 785 3073 br.
871 3022 905 3071 15
924 3020 992 3074 ante
1011 3031 1098 3074 curam

93 3104 143 3142 om.
159 3089 202 3142 br.
259 3087 440 3143 confricanda
459 3089 540 3142 erunt
556 3089 606 3144 Get
625 3091 672 3144 br:
692 3088 879 3142 confricantur
893 3089 921 3142 B
987 3095 1020 3144 16
1034 3099 1098 3158 quae

94 3157 119 3212 si
136 3159 164 3213 B
179 3160 261 3227 (quae
282 3159 363 3229 Geli:
384 3159 459 3228 quod
479 3159 503 3212 si
522 3162 570 3228 br,
590 3162 638 3229 pai
655 3161 697 3214 ita
714 3160 814 3215 habent
837 3159 917 3224 Quod
935 3158 961 3213 si
979 3177 1014 3215 ex
1031 3172 1097 3214 aare

94 3228 159 3285 dine
189 3228 346 3300 egritudine
365 3233 389 3299 r)
413 3231 498 3298 caput
520 3229 606 3284 fuerit
627 3229 813 3286 vulneratum.
838 3233 888 3285 aut
906 3247 941 3284 ex
958 3229 1096 3284 fricatione

93 3299 212 3354 linteo-¹.
266 3301 332 3356 haec
345 3303 427 3371 (quae
442 3299 593 3371 si-emnt)
608 3319 657 3357 om.
678 3319 698 3356 o.
755 3307 787 3355 17
801 3301 957 3356 recurando
975 3302 1055 3357 amnt
1065 3296 1097 3363 Β,
1141 3362 1143 3367 ¹

94 3370 219 3426 curanda
238 3373 304 3426 sunt
318 3372 388 3428 Gel.=
408 3372 593 3426 recusandum
611 3373 665 3426 erit
682 3390 705 3441 1,
725 3373 879 3426 curandum
898 3374 942 3427 est
959 3374 983 3430 b.
1096 3408 1099 3414 ,
