2288 3878
81 149 146 214 394
269 148 545 202 ANHDOTARIUM
562 148 673 205 ΒΜ.
694 150 929 221 emmaum

80 318 115 377 acl
130 324 245 395 partem
259 312 437 393 <vastiorem
451 310 592 394 iliorum>
605 323 637 375 et
650 316 737 379 circa
752 328 965 394 stomachum
981 350 1091 413 mopsus

80 406 155 466 rollo
179 405 239 465 lino
262 412 409 483 portetur,
436 406 477 463 ita
504 411 537 464 ut
563 420 619 463 nec
646 422 729 484 aqua
759 418 936 498 contingat
963 440 1017 484 nec
1038 430 1093 483 tem

79 500 174 575 ipsam
198 501 331 553 naturam
356 494 425 552 ursi.

30 584 93 649 185
169 582 215 642 Ad
235 590 452 660 conceptum.
471 598 592 657 gramen
606 582 689 641 corio
706 589 802 649 canis
819 606 938 661 curato
957 608 993 662 ut
1008 562 1094 682 oportit

82 674 224 751 illigatum
244 669 360 730 steriles
379 670 534 747 concipere
553 668 631 728 lacit.
655 668 741 733 idem
761 678 919 749 efficiunt
938 688 1111 752 mercuridia

81 773 110 824 et
134 760 260 820 verbena
279 757 397 837 herbae,
421 776 495 836 quae
515 766 574 817 tam
596 757 787 826 masculinae
817 783 900 837 sunt
926 797 1019 858 wem
1038 780 1095 841 leni·

81 869 176 912 ornae.

29 939 91 1003 186
167 937 214 998 Ad
239 936 488 1014 dysentericus
512 934 566 995 vel
588 936 648 1013 qni
671 937 837 1027 nimium
870 952 1095 1019 fluxummt
1131 1011 1132 1016 ,

79 1031 147 1090 tris
166 1028 359 1105 patiuntur.
384 1042 485 1083 semen
505 1024 541 1084 de
560 1022 675 1101 lapatho
694 1035 818 1104 agresti
839 1044 926 1103 teris
947 1053 981 1107 et
999 1046 1096 1109 mnndu
1131 1027 1144 1090 ἓ,

79 1127 108 1177 et
149 1118 181 1176 in
222 1117 288 1173 rino
326 1115 418 1173 veteri
455 1115 540 1191 nigro
577 1111 660 1172 dabis
695 1112 756 1176 boc
796 1125 937 1204 signum
975 1135 1114 1197 madentia

79 1207 273 1285 ‹protiensquc
298 1200 451 1261 assellatus
479 1201 581 1282 luerit,
608 1202 718 1262 totiens
745 1218 866 1285 postea
898 1239 941 1283 ex
971 1225 1029 1286 ista
1049 1242 1096 1286 con

79 1295 205 1354 sectione
228 1290 354 1351 curabis.
1101 1358 1107 1375 ,
1135 1281 1138 1302 ἲ

28 1380 89 1444 187
167 1380 260 1440 ltem.
285 1377 414 1439 cocleam
438 1397 506 1438 cum
528 1387 604 1439 testa
627 1387 656 1439 et
680 1398 771 1441 carne
792 1392 968 1462 comburis
988 1411 1020 1463 01
1036 1404 1097 1481 teris,
1138 1369 1141 1388 ’

79 1478 109 1529 et
135 1469 244 1529 lentem
277 1475 439 1528 nostratem
466 1475 497 1527 et
523 1470 617 1546 ipsam
646 1468 798 1532 comburis
829 1486 866 1540 et
902 1491 987 1551 teris
1031 1494 1098 1572 pipp

80 1557 167 1619 simul
190 1558 293 1617 tritum
317 1558 419 1636 mittis,
442 1562 472 1616 et
495 1556 579 1617 dabis
601 1559 752 1636 potionem
772 1561 805 1621 in
830 1584 918 1647 aqua
946 1538 1052 1642 oal’jdg
1104 1571 1144 1632 c'

28 1645 90 1710 188
168 1646 214 1707 Ad
247 1646 498 1724 dysentericos
531 1645 585 1706 rel
617 1645 747 1725 quibus
778 1653 946 1724 nimium
988 1676 1098 1731 venter

79 1736 163 1798 fluit
185 1738 225 1797 ita
248 1742 281 1796 ut
304 1735 418 1812 fatigati
440 1733 476 1794 ad
499 1735 664 1813 periculum
691 1741 887 1826 perveniant,
918 1752 1021 1818 facies
1058 1755 1097 1817 ad-

78 1826 242 1888 miraberis.
270 1842 352 1884 mora
381 1823 509 1884 silvatica
538 1831 673 1904 tempore
703 1842 757 1885 suo
787 1828 911 1911 colligis
944 1805 1097 1906 cum’snis

78 1916 157 1976 soliis
181 1923 210 1976 et
228 1915 356 1994 reponis.
381 1931 439 1992 qno
457 1918 590 1991 tempore
609 1913 715 1992 aliquis
733 1920 918 1986 necessitate
945 1936 1091 1995 retinent

78 2006 109 2064 in
132 2004 271 2066 carabum
299 2002 404 2063 rudem
430 2003 538 2082 mittis,
570 2021 679 2082 coques
706 2002 778 2064 illud
805 2005 982 2088 diligenter
1009 1979 1121 2103 usquin

79 2094 115 2154 ad
137 2097 254 2174 tertiaS,
281 2100 312 2152 et
334 2091 386 2152 das
409 2092 438 2150 ei
465 2096 580 2170 potum,
608 2098 638 2152 et
666 2094 805 2152 continuo
831 2101 963 2180 stringit
987 2109 1096 2172 fluxum

80 2185 231 2262 sanguinis
255 2184 306 2260 qui
329 2183 360 2239 in
383 2186 484 2240 ventre
509 2187 561 2238 est.

28 2267 91 2332 189
167 2272 213 2332 Ad
238 2270 486 2348 dysentericos
510 2270 623 2345 etqui
647 2273 819 2348 sanguine
843 2275 900 2335 vel
924 2288 1094 2349 mucilta-

78 2363 171 2436 gine
200 2356 469 2418 assellantnr.
502 2354 606 2432 gallam
638 2357 761 2418 rubeam
789 2367 818 2419 et
847 2368 964 2430 cummi
996 2375 1095 2438 album

77 2446 298 2531 alexandrinum
321 2446 424 2523 aequis
447 2442 627 2522 ponderibus
650 2445 751 2506 tundis
771 2454 800 2506 et
824 2455 926 2514 cernis
952 2467 985 2521 et
1010 2464 1123 2526 dabiso

77 2534 209 2595 cocleare
232 2534 379 2602 nnumin
402 2550 455 2591 ovo
480 2530 590 2591 sorbili.

28 2621 91 2685 190
166 2622 260 2683 ldem
283 2629 313 2681 et
335 2619 426 2680 herba
449 2621 617 2699 argemonia
636 2620 732 2702 laniet,
755 2629 788 2683 ut
806 2625 871 2684 eius
892 2645 1004 2698 sucum
1024 2644 1094 2703 vino

77 2715 168 2774 mixto
188 2712 319 2790 accipiat.
343 2711 432 2768 etiam
451 2711 477 2768 si
495 2707 602 2788 aliquis
621 2709 699 2769 lerro
719 2711 808 2772 suerit
826 2731 993 2791 percussus
1023 2749 1094 2791 cum

77 2805 202 2882 axungia
225 2810 312 2862 tunsa
335 2797 460 2859 curabis.
485 2799 573 2858 etiam
596 2798 632 2858 ad
655 2799 775 2862 vulnera
798 2805 911 2881 pariter
936 2773 1018 2876 lacit.

26 2887 87 2952 191
158 2893 259 2953 'ldem
285 2890 421 2970 plantago
449 2889 532 2968 lacit,
559 2895 592 2948 ut
620 2896 702 2949 aceto
730 2900 886 2973 coquatur,
913 2898 940 2955 si
968 2905 1092 2969 modice
1106 2923 1129 2964 ao

78 2981 184 3042 exinde
207 2981 296 3042 bibat.

149 3174 164 3250 β
184 3168 361 3250 disintericos
376 3171 404 3225 Β
425 3172 499 3238 (item
516 3170 616 3239 iufra).
693 3173 708 3222 9
728 3169 844 3239 lapatho
864 3171 945 3251 (culp.
965 3172 1091 3253 lapabio)

77 3243 131 3297 ed:
149 3243 258 3310 inpetro
277 3241 313 3293 Β.
388 3247 421 3295 10
444 3243 538 3295 vetere
556 3241 591 3296 Β.
663 3238 716 3293 hoc
735 3257 756 3294 s.
775 3242 908 3296 reddenti
923 3259 974 3298 cm.
994 3252 1037 3306 ed,

77 3318 111 3367 23
130 3310 265 3381 sanguine
283 3310 329 3365 vel
348 3311 572 3382 muccillagine(
588 3313 593 3324 '
602 3314 618 3381 )
629 3310 664 3364 Β.
714 3312 863 3381 24gummi
877 3329 901 3366 a.
917 3312 1088 3378 alexandrin

79 3387 140 3454 (eie)
160 3385 194 3438 Β.
276 3387 309 3435 27
328 3382 406 3437 idem
425 3398 459 3437 ex
477 3383 504 3439 h.
524 3400 549 3439 a.
567 3380 654 3436 facies
673 3379 709 3434 Β.
796 3382 957 3452 agrimonia
975 3387 1012 3443 Β.

78 3462 113 3511 29
131 3453 251 3525 exungia
265 3455 300 3510 Β.
367 3452 558 3508 etiam—facit
576 3469 625 3507 ocu.
640 3451 680 3506 ed.
742 3451 824 3508 facit:
843 3454 900 3509 acii.
919 3463 1088 3524 argemonia,

80 3529 184 3597 (Dicae.
198 3533 227 3594 2,
240 3530 326 3595 208).
398 3530 432 3580 30
455 3523 525 3578 facit
547 3526 591 3594 (ac.
620 3521 821 3593 dysentericis).
