2288 3878
79 154 144 219 130
399 154 594 206 ruuonoru
611 153 790 207 Panaciam

78 339 147 382 cum
169 323 272 401 pipere
301 327 331 380 et
357 317 511 379 meliorato
535 318 685 398 similiter,
715 316 790 379 dabo
819 319 908 378 etiam
933 317 1100 378 diureticas

77 413 230 490 potiones,
267 407 342 469 dabo
382 407 566 468 somniferas.
616 405 783 485 procurabo
825 408 913 467 etiam
952 424 1098 485 aquarum

78 499 258 560 naturalium
272 497 418 558 beneficia
432 495 602 557 calidarum.
626 513 681 574 per
695 513 770 574 quae
784 501 852 574 post
865 493 1097 555 declinationem

78 587 273 668 aegritudinis
301 586 348 646 bis
376 585 502 645 multum
530 590 652 645 naturae
685 602 789 645 eorum
822 586 923 644 venire
957 582 1100 644 beneficii

52 678 240 738 aconsuevit.

189 816 236 877 xl
265 815 311 876 De
336 817 505 894 satyriasi
528 813 584 874 vel
607 813 865 893 impedimento
888 831 983 873 usus.

26 922 69 985 32
169 924 326 1002 Satyriasis
346 938 509 1001 gonorroea
527 919 573 980 vel
591 922 782 1001 priapismus,
801 919 909 998 quibus
928 918 1036 979 similis
1052 927 1099 980 est

80 1013 135 1074 sub
154 1012 338 1073 inmoderata
351 1012 517 1090 patratione
536 1007 681 1090 molestia,
699 1008 746 1068 his
766 1007 969 1068 accidentibus
989 1008 1098 1069 dister-

80 1105 239 1163 minantur.
269 1117 433 1179 gonorroea
452 1100 516 1158 sine
535 1099 646 1157 veretri
669 1099 842 1157 extensione
861 1095 906 1157 vel
926 1115 999 1158 usus
1019 1098 1100 1158 desi-

42 1206 68 1246 ιο
82 1192 175 1271 derio,
199 1190 356 1269 spermatis
376 1187 599 1248 affluentissima
619 1184 674 1245 sub
693 1185 848 1266 eliusione,
871 1204 995 1265 corpora
1014 1186 1100 1246 debi-

79 1279 153 1359 litat,
177 1285 207 1340 et
229 1296 284 1358 per
307 1277 446 1336 chronica
468 1282 603 1354 tempora
625 1273 808 1353 producitur.
851 1276 1002 1353 satyriasis
1025 1293 1099 1335 vero

80 1386 116 1428 ex
145 1374 225 1427 certa
254 1367 388 1443 corporis
416 1362 671 1443 incommoditate,
698 1381 773 1441 quae
802 1365 892 1423 etiam
919 1362 1100 1423 mulieribus

79 1453 236 1532 aliquando
252 1454 406 1531 contingit,
418 1469 505 1530 quam
520 1453 746 1511 metromaniam
760 1450 851 1530 aliqui
866 1450 1100 1531 appellaverunt,

80 1551 110 1604 et
133 1542 315 1601 desiderium
338 1538 505 1600 insatiabile
529 1547 559 1600 et
582 1542 748 1600 tensionem
771 1539 936 1619 particulae
959 1559 1028 1600 cum
1053 1560 1099 1600 as-

40 1644 66 1686 ro
81 1631 165 1692 sidua
192 1631 358 1709 patratione
382 1629 581 1688 avidissimam
610 1629 693 1709 facit,
724 1636 754 1688 et
780 1627 851 1689 licet
874 1631 938 1688 sine
962 1628 1099 1689 febribus

81 1727 210 1781 attamen
229 1721 308 1778 inter
327 1725 427 1778 acutas
447 1725 476 1777 et
494 1716 673 1796 temporales
693 1717 894 1796 aegritudines
913 1725 1099 1778 numeratur.

80 1808 156 1869 hanc
179 1810 348 1888 passionem
372 1808 556 1886 priapismon
580 1805 671 1884 aliqui
694 1804 922 1884 appellaverunt.

151 1967 166 2016 2
197 1978 334 2030 aquarum
356 1958 529 2013 naturalium
549 1960 577 2014 b.
597 1958 754 2014 calidarum
772 1958 884 2028 rVBya
913 1975 1052 2026 aquarum
1070 1959 1099 2013 b.

79 2034 183 2087 natura
207 2031 363 2087 calidarum
384 2031 440 2086 cet.
461 2029 628 2099 (calidarum
650 2029 696 2084 vel
718 2027 885 2082 balnearum
907 2029 1045 2083 beneficia
1064 2032 1098 2099 b).

80 2107 170 2174 3(-5)
193 2121 243 2174 per
266 2119 338 2171 quae
355 2100 455 2157 ...his
483 2101 605 2155 multum
630 2103 749 2155 naturae
777 2115 874 2153 earum
895 2099 988 2153 ventri
1014 2101 1100 2155 bene-

79 2175 137 2229 ficii
156 2175 251 2244 (-cii1
266 2176 303 2243 Β)
322 2171 469 2227 consuevit
486 2174 545 2241 (sic)
565 2174 615 2227 VB
635 2173 748 2240 (natura
775 2187 872 2225 earum
898 2170 1006 2225 mederi
1033 2188 1099 2225 con·

81 2246 174 2301 suevit
185 2247 262 2315 Get),
281 2261 332 2326 per
349 2261 404 2317 que
460 2242 504 2296 his
522 2243 637 2297 modum
651 2241 765 2312 naturet
779 2259 875 2296 earum
893 2241 1000 2296 mederi
1014 2242 1101 2296 bene-

79 2317 144 2371 ficia
163 2319 338 2372 consuev1tr
352 2318 415 2385 (pro
434 2316 532 2384 quibus
551 2317 665 2370 breviter
683 2317 723 2370 sic
737 2317 766 2370 b:
785 2316 818 2366 ut
835 2311 946 2383 possint
959 2315 1025 2382 post
1038 2315 1100 2367 tam

83 2404 178 2442 sevam
197 2387 385 2458 egritudinem
403 2388 552 2454 reparare).
585 2387 619 2453 cf.
634 2404 664 2456 p:
680 2385 729 2454 qni
744 2430 749 2440 .
762 2428 784 2440 ..
800 2384 844 2438 his
862 2383 983 2437 multum
1003 2400 1101 2438 eorum

81 2495 197 2546 naturas
214 2499 218 2560 Ι
233 2492 292 2546 uris
307 2468 477 2546 conveniirnt
491 2491 634 2546 beneficiis
649 2498 674 2546 et
688 2492 770 2546 Vicd.
785 2497 835 2546 68:
851 2489 898 2559 qui
911 2534 916 2544 .
929 2534 934 2545 .
947 2534 952 2545 .
963 2489 1008 2543 his
1027 2490 1098 2544 mul·

80 2581 129 2616 um
150 2564 350 2616 naturaeorum
371 2562 565 2632 u-r1s(vestris)
588 2561 731 2617 beneficiis
755 2560 904 2616 conveniet
921 2562 1001 2629 (Gar.
1021 2566 1047 2630 5,
1067 2569 1101 2618 1:

80 2648 153 2702 quae
178 2634 244 2702 post
272 2631 475 2687 declinationes
504 2632 691 2703 aegritudinis
716 2633 837 2687 multum
861 2648 957 2686 eorum
979 2633 1100 2687 naturae

81 2703 268 2772 conveniunt).
296 2705 341 2757 bic
359 2706 390 2758 in
409 2706 424 2758 b
443 2706 557 2759 additur
575 2707 688 2759 rabmcc
701 2721 773 2759 noca
791 2704 840 2758 Ad
859 2702 965 2757 telum
983 2698 1039 2756 vel
1058 2703 1100 2756 ad

82 2773 283 2844 sanguinem
303 2773 495 2829 erraticum.
528 2775 676 2829 Personati
710 2775 797 2848 herbe
816 2773 951 2828 radix...
1026 2773 1099 2827 6De

82 2844 215 2915 satyriani
234 2846 293 2901 Gal.
313 2844 368 2914 (vel
391 2845 493 2916 imped.
518 2863 558 2900 uo.
584 2848 647 2902 add.
674 2793 729 2900 {B
747 2853 772 2901 et
790 2847 848 2901 iad.
867 2846 908 2914 c),
932 2844 973 2898 De
993 2861 1014 2898 s.
1034 2861 1099 2914 gon.

80 2917 126 2972 vel
144 2935 185 2986 pr.
206 2914 313 2980 Quibus
333 2934 354 2971 s.
373 2924 421 2973 etc.
441 2919 490 2988 ὁρ,
509 2919 583 2972 rubr.
603 2933 652 2972 om.
672 2935 694 2972 r.
772 2921 788 2970 8
807 2915 969 2987 patratione
989 2915 1101 2985 aetat

81 2990 166 3057 moab
190 2987 337 3057 paratione
360 2988 422 3058 VB,
450 2987 639 3058 patrocinatio
659 2987 807 3058 (molesta)
830 3006 845 3043 r
868 2984 1056 3056 (aspiratione
1075 3005 1101 3057 9,

82 3092 241 3165 speratione
265 3095 405 3166 Vindob.)‚
428 3093 653 3164 patrocinatione
672 3096 688 3150 b
707 3096 763 3162 (sed
780 3094 859 3161 infra
897 3069 1027 3162 atdione).

83 3172 115 3219 11
132 3163 243 3218 cronica
259 3167 309 3220 VB
321 3167 392 3222 Get:
412 3165 509 3220 cronia
522 3167 566 3220 rb,
623 3171 655 3218 18
669 3180 864 3234 quam-appe
889 3166 1008 3217 averunt
1021 3164 1103 3218 babet

82 3238 140 3292 Gel.
155 3253 216 3290 cam
234 3238 270 3291 rb
281 3239 339 3304 (ubl
353 3237 541 3292 matromania
550 3255 572 3300 r,
588 3238 617 3290 et
629 3235 848 3290 matromaniam
859 3251 883 3290 a.
899 3233 1047 3304 appellant
1061 3236 1101 3304 b)=

82 3325 133 3363 ont.
150 3307 224 3378 pr.
264 3314 296 3361 15
317 3310 346 3362 et
360 3311 443 3390 (acte)
463 3308 520 3363 des.
535 3308 683 3363 erGel.:
702 3325 753 3363 om.
767 3308 803 3361 B.
872 3322 936 3360 cum
955 3304 1102 3360 assiduam

83 3378 276 3433 datracionem
295 3378 489 3433 avidissimam
503 3380 563 3460 (cic)
578 3378 765 3448 V(Viodob.),
788 3394 852 3430 cum
871 3376 987 3430 assidua
1004 3378 1103 3447 patra-

81 3451 159 3505 tione
174 3449 340 3505 avidissima
359 3451 418 3520 (sic)
436 3448 676 3518 rB(av1dissima
694 3466 744 3504 ooo.
765 3449 867 3517 teet).
928 3453 961 3502 17
980 3446 1102 3518 prinpio-

67 3537 139 3574 mon
155 3523 217 3592 (sa'e)
231 3522 311 3578 rVB
322 3522 380 3579 cet.

6 3806 73 3842 -ι
