2288 3878
102 159 143 225 78
411 162 601 215 THEODORI
618 164 799 217 muscum

100 327 225 388 adhibeo
254 329 383 389 fomenta
410 331 538 409 aptiora,
570 336 601 388 et
628 346 664 388 ex
691 328 788 389 is‘dem
815 329 945 408 desuper
972 331 1114 409 cataplas-

100 416 228 477 matibus
251 419 422 496 frequenter
440 419 560 495 requiro
579 416 766 478 beneticIum.
798 417 1001 496 periculosum
1021 428 1067 480 est
1086 429 1114 481 ct

101 509 180 567 enim
199 525 287 567 causa
307 513 501 585 permanente
520 505 736 566 adiutoriorum
757 505 972 568 mutationibus
992 511 1114 570 variare.

148 665 263 726 XXIIII.
299 665 346 725 De
370 664 608 744 percussibus
632 684 734 745 apum
757 665 813 726 vel
836 669 1068 745 scorpionum

72 770 85 810 a
336 762 394 814 aut
418 761 620 814 ceterorum
643 762 862 833 serpentum.

47 858 90 923 74
188 863 283 940 Apum
315 877 475 938 percussus
508 858 670 920 malvarum
701 859 771 920 lolia
803 861 943 940 imposita
973 863 1115 923 contiuuo

99 958 212 1029 curant,
236 957 266 1009 et
288 951 397 1009 sesami
421 947 489 1007 folia
512 947 558 1007 vel
581 951 680 1027 ipsum
701 951 806 1009 tritum
825 956 855 1009 et
873 951 1052 1028 appositum.
1085 960 1114 1012 et

98 1040 175 1101 lauri
198 1037 266 1098 folia
290 1036 424 1096 molliora
447 1038 516 1097 trita
540 1055 608 1097 cum
630 1040 699 1098 rino
722 1040 806 1116 potui
830 1038 896 1098 data
920 1056 1010 1118 saepe
1030 1059 1114 1100 cura-

99 1136 212 1189 rerunt.

188 1218 378 1294 scorpionum
401 1231 471 1273 vero
499 1232 660 1299 percussus
689 1213 765 1275 sales
794 1214 875 1275 fricti
902 1222 1026 1276 etcum
1050 1215 1116 1277 oleo

58 1320 84 1359 ιο
100 1307 220 1366 contriti
257 1304 321 1364 loco
358 1305 486 1381 appositi
520 1309 705 1364 curaverunt.
756 1311 786 1363 et
818 1305 894 1363 cinis
928 1322 997 1364 cum
1031 1312 1114 1365 aceto

98 1396 208 1453 mixtus
232 1400 262 1452 et
285 1394 441 1470 impositus
465 1391 603 1451 similiter
626 1393 746 1470 profuit.
793 1399 823 1453 ct
846 1390 937 1452 alium
959 1411 1029 1452 cum
1048 1392 1114 1454 oleo

98 1483 216 1559 tritum,
248 1487 278 1539 et
306 1482 460 1557 origanum
493 1498 561 1540 cum
593 1489 677 1541 aceto
704 1488 822 1541 coctum
849 1488 879 1540 et
906 1480 943 1540 de
972 1481 1114 1543 cantabro

97 1587 166 1629 cum
189 1574 272 1627 aceto
297 1575 379 1627 cocto
412 1567 524 1628 calidus
553 1568 696 1629 saccellus
724 1571 864 1629 continuo
891 1568 1039 1631 medetur.
1085 1580 1116 1631 et

97 1675 220 1739 porrum
243 1652 347 1716 tritum
375 1658 559 1737 impositum,
587 1665 617 1717 et
644 1657 780 1719 sardinae
807 1659 910 1738 tritae,
937 1665 969 1718 et
996 1667 1113 1720 murtae

170 1835 183 1881 1
204 1826 345 1882 adhibebo
365 1829 405 1889 (et
423 1829 486 1882 odd.
506 1830 530 1895 c)
550 1830 592 1882 bc.
701 1827 812 1897 aptiora
830 1827 890 1883 rB:
908 1827 1053 1898 tepidiore
1071 1831 1112 1885 he.

96 1903 126 1955 et
143 1917 178 1954 ex
195 1898 305 1953 hisdem
319 1898 420 1969 (isdem
428 1898 466 1968 B)
481 1898 600 1969 desuper
612 1900 706 1968 (super
719 1900 744 1967 r)
762 1899 825 1953 rB:
844 1900 874 1952 et
892 1897 984 1952 isdem
1003 1917 1114 1970 semper

97 1975 166 2044 (sep)
185 1968 447 2041 cataplasmatibus,
567 1988 599 2040 sp
614 1973 733 2040 (semper
750 1986 832 2038 cpro
851 1971 928 2039 sepe)
946 1970 1059 2038 requiro
1070 1974 1111 2027 bc.

96 2043 200 2098 etenim
219 2042 277 2096 rB:
298 2040 373 2095 enim
393 2042 435 2094 bc.
526 2045 644 2094 tcausa
682 2042 844 2095 ermonente
862 2042 910 2095 rb:
929 2057 1035 2096 causae
1049 2059 1110 2112 per-

95 2113 222 2170 manenti
240 2113 275 2166 B.
350 2109 552 2164 adiutoriorum
571 2114 618 2166 boz
638 2128 655 2164 a
678 2111 809 2165 'utorium
828 2113 884 2166 rB.
957 2111 1032 2166 4De
1050 2130 1111 2182 per-

96 2185 184 2240 cussis
198 2202 243 2255 ap.
258 2183 304 2238 rel
319 2199 356 2236 sc.
372 2184 422 2235 aut
436 2181 607 2250 serpentium
625 2187 665 2237 sic
683 2186 724 2238 tit.
739 2183 819 2237 habet
834 2183 891 2238 cet.
906 2184 939 2237 io
957 2184 1016 2239 iod.
1028 2202 1112 2253 prac-

94 2261 175 2313 misso
186 2276 216 2326 p.
227 2262 253 2324 6,
280 2255 321 2308 De
337 2270 381 2323 ap.
392 2251 573 2307 Percussibus
587 2253 633 2307 vel
648 2253 820 2323 scorpiorum
828 2254 886 2322 (sic)
894 2252 940 2306 vel
954 2255 1112 2308 ceterorum

95 2327 266 2399 serpentium
280 2325 370 2380 XXIII
387 2324 422 2393 Β,
442 2323 483 2377 De
497 2324 722 2394 percussionibus
742 2341 828 2394 apum
845 2322 891 2377 rei
910 2340 947 2379 sc.
968 2327 1021 2379 sut
1039 2328 1110 2380 cete-

93 2415 188 2453 rorum
206 2396 422 2466 serpentium,
441 2395 482 2449 De
501 2395 727 2464 percussionibus
747 2396 823 2465 apud
848 2394 1004 2464 scorpionis
1019 2399 1069 2466 (sic
1086 2399 1110 2464 b,

93 2471 140 2524 sed
158 2472 189 2522 io
207 2471 265 2522 iod.
285 2469 435 2536 praemisso
461 2467 502 2520 De
525 2482 659 2536 percussu
682 2484 767 2536 apum
786 2468 815 2520 et
833 2482 870 2520 sc.
891 2468 977 2534 atque
997 2483 1108 2538 serpen-

93 2538 165 2593 tium
184 2541 227 2606 (=
243 2540 280 2606 c),
299 2541 347 2608 poi
365 2539 402 2592 ad
416 2544 564 2593 extremum
578 2539 678 2593 librum
695 2541 768 2593 inter
786 2538 985 2606 appendiculoa
1003 2541 1106 2594 amoto

93 2611 142 2664 hoc
161 2610 282 2677 copltulo
300 2611 393 2663 statim
410 2626 505 2678 acop.
520 2613 557 2663 23
576 2612 677 2665 transit
695 2611 733 2664 od
753 2614 792 2664 25
805 2606 960 2662 Titimalli.
975 2651 999 2664 ..
1015 2612 1058 2677 (ut
1075 2612 1106 2679 c).

94 2685 109 2733 6
128 2678 262 2748 imposita
276 2695 298 2734 c.
314 2696 336 2734 c.
352 2680 412 2734 rB:
430 2679 500 2733 tntu
518 2682 548 2733 et
565 2679 671 2761 iposita
690 2678 751 2734 sols
769 2681 869 2734 curant
883 2681 906 2734 b.
975 2686 990 2734 7
1010 2679 1108 2734 sisami

93 2751 169 2806 rbB.
277 2750 370 2819 ipsum
394 2749 528 2804 sisumum
550 2752 650 2804 tntum
672 2754 701 2805 et
723 2749 887 2820 impositum
910 2752 933 2804 b.
1043 2767 1107 2806 con·

92 2821 192 2875 tritum
210 2838 233 2875 r.
306 2822 335 2875 et
352 2820 446 2891 (lauri)
465 2822 525 2876 rB:
544 2821 612 2875 item
632 2824 655 2876 b.
731 2820 882 2876 'icontrita
900 2838 923 2875 r.
998 2822 1107 2876 9sules

92 2891 159 2946 frixi
177 2892 234 2960 Bb,
254 2891 325 2946 salix
343 2891 417 2946 frsxi
436 2899 510 2960 (cum
529 2894 566 2961 o.)
584 2910 607 2947 r.
721 2899 755 2946 10
775 2889 889 2946 contriti
907 2892 985 2962 (-ts
1003 2895 1029 2962 r)
1047 2894 1107 2950 rB:

93 2981 143 3019 orn.
163 2965 187 3018 h.
300 2969 332 3016 11
353 2962 483 3017 similiter
500 2963 607 3032 profuit
625 2982 652 3018 r:
672 2963 802 3018 similiter
820 2963 856 3032 Β,
895 2961 993 3017 rodest
1011 2965 1035 3019 b.

94 3040 127 3088 12
151 3036 308 3088 coctumst
333 3034 367 3088 de
391 3032 686 3089 cantabro-saccellus
710 3052 773 3089 cum
797 3051 861 3089 sace
885 3049 901 3087 o
921 3035 981 3103 (sic)
1000 3036 1106 3090 coctus.

93 3104 202 3160 calidus
221 3121 244 3159 c.
263 3122 299 3159 m.
319 3123 346 3172 r,
370 3107 481 3158 coctum
499 3105 591 3159 calido
611 3105 730 3160 saccello
751 3123 773 3161 c.
792 3123 829 3160 m.
844 3107 917 3175 (lac.)
937 3105 965 3159 B
982 3109 1024 3175 (et
1042 3122 1107 3160 cun-

90 3177 205 3231 tabrum
223 3192 287 3229 cum
306 3177 385 3229 scete
405 3178 515 3229 coctum
533 3175 617 3231 caiid'
637 3177 732 3232 sacell'
751 3193 774 3231 c.
794 3196 830 3232 m.
850 3178 885 3245 b).
975 3176 1109 3231 continue

90 3249 139 3303 rB
149 3250 249 3316 (—nuo
269 3249 304 3314 h).
378 3252 413 3300 14
431 3245 543 3318 sardine
562 3247 629 3304 trite
644 3249 659 3302 b
674 3250 718 3317 (cs.
735 3250 820 3319 Gorp.
840 3263 946 3316 oppp.
962 3250 1106 3319 209,12):

91 3317 218 3373 sardinia
235 3317 305 3371 trita
323 3318 359 3372 B.
454 3319 563 3372 murtae
581 3317 651 3371 folia
665 3318 764 3374 mollia
782 3337 811 3374 r:
831 3319 923 3372 emtas
942 3317 1014 3373 felis
1033 3318 1108 3392 oliuo

89 3391 125 3446 B.
145 3407 199 3460 pro
222 3389 265 3443 his
282 3407 307 3444 o.
328 3394 407 3470 itaq.
427 3389 496 3442 sich
525 3405 555 3458 p.
571 3394 614 3457 67,
630 3391 670 3460 7):
700 3389 817 3461 sardine
835 3386 936 3460 trite'b
952 3401 995 3449 ÷.
1028 3390 1108 3445 Mure

89 3461 160 3516 tolio
178 3459 247 3514 trita
266 3477 329 3514 cum
348 3459 455 3514 sshbus
473 3475 520 3513 mo
545 3458 611 3515 ‘orn
632 3463 662 3514 st
679 3460 818 3532 ipositsb
833 3472 867 3519 ÷
881 3462 926 3529 (=
934 3459 1042 3516 bonum
1056 3464 1107 3531 est,

85 3533 225 3603 prodest).
