2288 3878
488 185 676 239 GYNAEOIA.
1011 183 1078 248 445

95 347 150 414 (16)
177 343 228 397 sed
250 341 397 395 similiter!
445 344 500 410 (16)
510 341 641 395 similiter
652 344 681 396 et
690 340 744 395 fe-'
794 344 848 412 (16)
873 341 985 395 feminis
1010 359 1078 410 quo-

60 418 90 468 et
105 413 209 469 femine
223 412 380 467 testiculus.
409 411 485 466 mine
504 412 638 466 testiculo
657 411 730 466 sicut
742 386 745 443 i
758 428 812 480 que
830 410 971 465 testiculis
987 412 1078 467 inesse

61 485 136 538 sicut
153 486 182 539 et
199 483 255 538 viri
274 483 382 537 habent
411 485 440 538 et
457 482 512 537 viri
530 482 637 537 habent
652 482 730 536 deni-
742 452 744 505 i
758 481 940 536 manifestum
958 485 1008 536 est.
1029 483 1079 536 sed

63 553 183 622 deniqne
192 557 316 624 patrant.
328 554 383 607 Sed
410 571 465 635 que
480 556 596 622 patrant
611 554 660 607 sed
674 514 745 606 non¹
759 552 816 606 alio
827 556 949 606 scemate
957 552 1080 632 'formati

62 641 120 678 non
136 625 218 679 huius
242 641 382 694 conpunc·
395 597 397 719 (
410 624 494 678 huius
525 624 730 694 conposicionis
743 640 744 679 i
759 626 824 677 sunt
852 625 884 676 ut
911 622 987 677 viris.
1020 639 1080 675 mn-

63 694 159 751 cionia
182 696 290 750 habent
309 695 383 748 sicut
410 695 518 749 habent
550 695 589 749 sic
622 698 651 750 et
676 694 730 748 viri
743 708 744 713 ’
758 694 859 748 lierum
872 710 939 748 vero
953 691 1081 747 testiculi

63 768 92 820 et
114 765 168 821 viri
190 767 240 821 sed
265 765 382 819 minoris
396 790 398 801 ν
411 766 461 821 sed
478 765 594 820 minoris
614 769 643 820 et
661 765 730 819 mol·
743 732 745 811 i
758 764 900 819 breviores
933 767 962 817 et
993 762 1081 832 fragi-

63 840 92 892 et
100 836 238 892 mollioris
246 838 318 891 adeo
328 852 382 904 que
410 836 498 890 iioris.
543 828 842 891 masculorum'liores
862 837 934 889 sunt.
959 849 1081 901 namque

59 907 307 1034 iromstgimfltist
332 908 383 960 ha·
410 906 730 1032 vtergtesticnlgimaicgris
743 888 745 927 ¹
759 905 807 988 qni
826 905 946 986 maiores
964 905 1079 1027 haiflent.

80 996 169 1034 norun
210 995 260 1032 ons
316 993 383 1032 ero
411 994 426 1032 e
474 994 575 1031 unone
621 994 820 1039 cunur„v1ra
852 993 901 1030 nes
934 993 951 1029 a
991 991 1081 1029 ean·

58 1067 147 1104 unam
163 1048 308 1103 racionem
322 995 383 1101 esgse
411 1051 524 1103 constat
550 1065 617 1117 crgo
646 1064 732 1101 unam
743 1044 745 1079 ¹
758 994 849 1102 turg]
859 994 1081 1116 igiturppmani-

58 1120 129 1175 viris
158 1123 187 1173 et
216 1119 383 1174 feminebns.
411 1119 551 1173 rationem
565 1117 690 1173 esseviri
703 1119 732 1170 et
759 1118 863 1172 festum
873 1119 916 1170 est
926 1130 1081 1169 unamesse

60 1191 111 1245 sed
140 1189 243 1243 mulier
269 1188 566 1263 rruli⁷am1fs<mine>⁴
744 1187 828 1263 gviris
855 1204 887 1240 ac
914 1186 1081 1241 mulieribus

59 1262 157 1381 hatest.
175 1277 243 1382 utam
257 1262 291 1382 iii
303 1240 399 1382 ttestii
744 1259 959 1382 2internorumba
973 1258 1083 1381 vilscera

60 1349 120 1385 cnr
137 1346 188 1383 nos
203 1347 235 1384 n.
323 1347 384 1381 nm·
745 1332 860 1396 &compa
912 1345 928 1381 a
1010 1328 1081 1381 inia-

62 1417 111 1453 cas
130 1399 237 1452 habent
263 1401 386 1466 quatuor
745 1346 956 1459 ¹mentagmsed
991 1399 1081 1453 multe

62 1468 157 1590 origia
182 1472 384 1594 qffievocatnr.
745 1469 1080 1596 isnnttonicetesticulis

64 1558 90 1593 si
129 1555 169 1592 oc.
261 1556 386 1593 raes1-
760 1557 890 1595 virorum.
918 1560 997 1596 nma.
1019 1558 1081 1595 ro·

63 1613 116 1664 tro.
145 1609 244 1663 Tereia
275 1557 392 1679 peritoss
761 1613 818 1666 des.
851 1560 980 1667 seciinda.
1017 1560 1082 1681 pri-

63 1680 141 1735 nion.
180 1683 263 1734 uarta
278 1683 328 1735 eat.
344 1684 385 1735 te-
745 1706 747 1729 ÷
800 1684 893 1738 odes.
904 1684 971 1736 terti
993 1729 998 1737 ,
1045 1681 1082 1733 ri·

63 1679 401 1820 nnissiriraquevooatnr¹
745 1701 868 1827 {tgtilyciea
894 1701 996 1820 quartas
1007 1700 1082 1805 Iiimo

66 1824 170 1877 dartus.
398 1788 401 1901 (
745 1824 856 1893 itonica
905 1822 1081 1876 tenuissima.

745 1904 840 1953 *arcos
860 1893 1028 1963 appellatur.

99 2037 153 2102 (17)
189 2033 326 2087 Similiter
358 2036 388 2087 et
449 2035 505 2103 (17)
537 2034 587 2087 sed
618 2033 649 2087 in
679 2034 733 2089 hoc
798 2039 852 2103 (17)
890 2033 1020 2087 similiter
1055 2034 1085 2085 et

62 2104 149 2160 vulva
158 2105 267 2158 duabus
277 2103 386 2158 tunices
415 2103 511 2158 distat.
539 2103 606 2172 quia
632 2105 734 2159 mulier
761 2104 865 2159 matrix
896 2104 983 2157 habet
1018 2103 1084 2156 sub·

64 2174 227 2229 contenitur
261 2174 386 2228 firmissi-
414 2174 528 2228 vulvam
546 2173 640 2231 habet.
661 2192 734 2244 quae
762 2173 1083 2241 iectamembraquibus

63 2245 118 2299 mis
133 2244 386 2299 sicutaitaccins
415 2245 500 2300 vulva
527 2245 596 2300 duas
623 2246 734 2300 tonicae
762 2245 895 2300 continet.
925 2245 1001 2312 quod
1021 2260 1084 2313 gre·

64 2316 187 2370 iustus.
205 2315 291 2370 vulva
304 2318 387 2370 natu-
413 2315 734 2372 vcstiturunanatura·
763 2317 789 2370 ci
812 2331 952 2384 cyneceon
971 2317 1083 2369 vocant.

65 2387 165 2441 naliter
178 2386 272 2440 mollis
287 2390 386 2442 estex·
413 2387 480 2442 liter
504 2386 597 2442 mollis
621 2390 665 2442 est
688 2404 734 2442 ex·
762 2404 828 2440 nam
847 2389 879 2440 ut
897 2389 940 2440 est
958 2385 1084 2440 masculo

63 2457 151 2513 terior
182 2475 301 2513 nervosa
333 2461 384 2514 est.
412 2458 507 2513 terior.
532 2458 650 2514 interior
672 2438 1083 2523 ner-{veretrumitaestma-

64 2529 186 2584 exterior
200 2546 318 2584 carnosa
332 2532 383 2586 est.
411 2546 561 2584 ronanam
569 2530 734 2600 primasub·
747 2526 749 2597 i
762 2528 841 2584 tricis
861 2528 997 2584 column.
1024 2545 1084 2580 ma-

64 2601 138 2655 Nam
155 2600 247 2670 prima
262 2601 385 2656 subiecit
412 2601 488 2655 iacet
513 2601 640 2655 membra
659 2601 735 2669 quod
761 2601 819 2655 trix
831 2600 905 2654 enim
915 2599 1085 2654 naturaliter

62 2671 226 2725 membrana
262 2672 293 2725 in
328 2689 385 2741 qua
412 2671 489 2742 greci
521 2671 656 2726 fenicium
693 2669 1084 2745 di·÷fragiiisetmollissima

64 2741 225 2795 contenitur
243 2743 319 2810 quod
337 2759 385 2812 ge·
413 2745 488 2797 cunt.
508 2759 576 2796 nam
587 2743 734 2797 commodo
747 2762 749 2773 ·
763 2745 812 2797 est.
829 2745 960 2796 constans
976 2758 1009 2793 ex
1022 2755 1084 2791 ner-

65 2810 196 2865 niocione
223 2811 311 2880 nlpon
338 2829 386 2866 vo·
413 2812 813 2868 estmasouliveretrum.'vis.
847 2814 876 2865 et
907 2807 1085 2879 parvissimis

65 2883 140 2935 cent.
168 2879 242 2932 Nam
267 2881 386 2954 quo<d>
414 2883 456 2936 sic
470 2885 514 2936 cst
526 2883 610 2937 vulve
622 2858 872 2941 collumivenulis
891 2880 993 2934 tonicis
1016 2879 1086 2930 ‹lua-

64 2951 150 3004 modo
161 2952 204 3003 est
213 2951 332 3004 masculi
341 2967 388 3005 ve·
414 2952 486 3005 haec
501 2954 677 3034 superposita
692 2956 736 3009 est
763 2955 824 3007 bus,
849 2951 971 3005 exterius
991 2946 1086 3002 nervis

65 3024 141 3074 retro
161 3020 201 3074 sic
225 3023 269 3073 est
286 3021 388 3075 vulvae
416 3021 525 3076 directa
533 3024 677 3078 mtestino.
689 3041 735 3078 cu·
748 3062 750 3081 .
764 3026 807 3077 est
834 3022 921 3075 firma.
966 3017 1086 3073 interius

66 3091 177 3147 collum.
208 3090 315 3155 Quibus
343 3109 388 3145 su·
415 3090 460 3144 ius
471 3091 556 3146 series
566 3093 596 3147 id
607 3096 650 3148 est
662 3110 881 3148 com-carnosa
918 3094 946 3145 et
981 3087 1086 3143 mollis.

65 3162 211 3233 perposita
247 3164 298 3216 est.
339 3161 389 3216 Di·
414 3178 489 3231 pago
508 3178 572 3216 cum
584 3162 676 3218 tribus
694 3164 736 3219 fo·
748 3150 751 3183 ¹
764 3183 818 3237 quo
838 3165 882 3218 est
898 3162 1005 3216 directa
1020 3177 1087 3237 con3

65 3234 138 3288 ricta
152 3232 289 3287 intestino
308 3233 388 3287 ouius
417 3230 574 3286 raminibus
603 3210 809 3304 orrigituritra
836 3233 1009 3288 intestinum.
1039 3244 1086 3283 cur

66 3305 147 3360 ccvix
161 3322 224 3359 oum
238 3303 330 3358 tribus
346 3303 388 3357 fo·
416 3319 505 3370 usqne
528 3303 564 3357 ad
582 3250 686 3358 ¹iocum
706 3305 736 3359 in
764 3305 865 3361 cervix.
893 3304 985 3358 tribus
1011 3302 1088 3355 iore·

65 3375 222 3430 raminibus
263 3374 388 3446 porregi-
418 3389 474 3441 qno
492 3372 533 3428 rei
552 3373 657 3429 veretri
670 3391 736 3431 usus
763 3376 887 3431 minibus
902 3375 1021 3445 erigitur
1040 3386 1088 3423 us-

66 3449 119 3503 tnr.
139 3463 228 3516 usque
243 3448 280 3500 ad
294 3447 389 3503 locum
416 3443 568 3515 perficitur,
764 3462 818 3515 qne
844 3447 881 3500 acl
907 3446 1089 3513 longsoncm.

166 3554 224 3608 ῙΠ
231 3554 285 3623 (D)
522 3551 629 3620 1V(P)
888 3552 967 3618 Vre)
