2288 3878
59 164 125 229 350
395 164 741 219 canuno-remonon

60 322 185 392 lapidem
204 322 238 376 dc
258 323 347 377 veteri
366 322 442 376 mola
460 322 489 376 in
509 320 656 391 ipsumque
674 338 726 376 vas
743 321 860 390 mittas,
884 325 917 378 et
935 324 1083 381 mulierem

60 418 143 471 super
157 402 273 455 scafium
287 403 384 457 sedere
397 401 496 469 facias,
515 418 633 470 eamque
648 401 802 472 cooperias.
823 404 854 457 et
868 420 938 458 cum
951 406 1082 475 tepuerit,

59 482 125 537 inde
145 499 174 537 se
194 482 289 536 foreat
308 486 337 536 et
355 482 385 535 in
404 480 509 536 lectum
523 497 553 536 se
567 480 692 536 calidum
708 480 842 552 proiciat,
862 485 893 537 et
907 483 992 539 cibos
1007 500 1083 539 amn·

61 562 135 617 latos
155 561 286 631 accipiat,
305 565 335 616 et
352 561 422 615 mira
442 561 550 615 sanasti
569 578 640 617 eam.
667 560 821 630 probatum
839 564 893 616 est.

34 705 133 760 svm.
158 704 203 757 De
222 702 310 757 vitio
334 703 426 770 quod
449 701 629 774 spaJerulus
657 701 789 756 dicitur
813 705 847 757 ct
872 702 1006 760 viduae
1025 709 1082 761 ant

362 782 493 851 virgini
513 781 651 837 evenire
670 781 767 838 solet.

131 864 190 916 Hoc
213 862 325 916 mulieri
348 862 451 916 viduae
480 864 530 916 aut
556 860 661 931 virgini
689 860 854 931 contingere
882 861 972 933 solet,
1003 864 1081 920 dolor·

61 943 165 1011 aliquis
184 942 259 996 circa
278 959 378 1011 corpus
398 944 448 996 aut
466 941 603 996 tortiones
618 945 668 996 aut
686 940 811 1010 pruritus
826 940 851 994 ai
866 941 927 998 fiat.
956 943 982 997 ai
995 945 1081 999 vidua

60 1022 154 1091 tuerit,
174 1022 236 1090 ipsa
255 1021 309 1075 sibi
329 1021 464 1090 subiciat,
484 1024 514 1076 et
536 1021 625 1076 fricet.
654 1019 760 1090 virgini
779 1019 827 1074 sic.
857 1021 911 1076 fiat
934 1022 982 1077 illi
1006 1024 1080 1079 simi-

21 1119 47 1157 ro
61 1102 153 1156 litudc
182 1101 235 1154 viri
258 1103 293 1155 do
320 1118 397 1169 cera,
426 1118 498 1170 quae
522 1101 628 1154 nitrum
651 1103 680 1154 et
705 1100 919 1154 cardamomum
948 1102 1079 1174 accipiat.

61 1182 196 1236 adversus
215 1183 339 1236 aetatem
357 1180 469 1250 puellae
489 1180 529 1234 sic
544 1179 630 1234 facies
645 1182 777 1234 naturam
791 1178 927 1251 carinam,
947 1185 979 1237 at
992 1182 1079 1238 medi-

61 1264 190 1316 camento
210 1261 399 1330 suprascripto
418 1260 511 1329 linies,
531 1263 560 1315 et
578 1259 618 1314 sic
637 1259 724 1314 socies
743 1263 775 1314 ut
794 1259 930 1316 salvatur.

203 1402 288 1456 VIIII.
309 1401 343 1455 Si
361 1404 441 1471 post
458 1405 595 1471 partum
613 1403 733 1456 venter
751 1401 938 1470 crepuerit.

133 1479 264 1534 Ceratum
283 1498 316 1535 ex
336 1482 397 1535 oleo
416 1497 496 1534 roseo
515 1480 612 1550 facies,
631 1483 661 1535 et
679 1496 821 1534 cerussam
839 1482 869 1534 et
886 1479 1080 1553 lithargyrnm

21 1563 91 1615 1501
110 1559 277 1627 stypteriam
295 1561 428 1630 admisce,
447 1562 477 1615 et
495 1577 589 1630 ungue
607 1560 671 1615 loca
690 1559 753 1630 ipsa
772 1562 801 1614 et
820 1558 911 1614 fascia
930 1561 992 1619 illa.

219 1702 252 1755 X.
272 1702 317 1756 De
336 1702 480 1758 muliere
499 1718 586 1771 quae
606 1701 744 1771 saepius
764 1701 914 1757 abortat.

132 1780 269 1837 Cancrum
292 1785 365 1837 teres
389 1781 545 1850 fiuvialem,
569 1799 632 1836 cum
651 1780 718 1835 vino
740 1779 832 1835 veteri
850 1780 947 1851 bibat,
972 1781 1079 1838 bonum

60 1864 111 1916 cst.
136 1860 260 1930 leporem
278 1861 373 1916 vivam
387 1865 591 1931 praegnantem
606 1860 852 1934 <apprehendes>,
872 1859 951 1916 illius
966 1863 1077 1918 catulos

133 2107 147 2154 1
169 2102 204 2155 de
223 2101 298 2156 mola
317 2100 406 2155 veteri
424 2118 448 2170 p.
540 2102 569 2154 et
586 2100 669 2154 mitte
688 2098 798 2168 inipso
818 2115 885 2153 vase
904 2118 957 2171 ap:
1049 2104 1077 2156 et

60 2172 106 2226 fac
126 2172 272 2226 mulierem
291 2189 375 2241 super
393 2171 500 2225 casium
519 2173 568 2239 (sic
586 2191 611 2240 c,
631 2188 681 2224 vas
700 2174 727 2242 p)
748 2171 844 2224 sedere
863 2187 910 2241 cp.
994 2178 1011 2225 2
1031 2188 1075 2226 ea-

60 2260 114 2311 que
135 2243 278 2312 cooperies
298 2246 326 2298 b:
347 2246 376 2297 et
396 2240 508 2311 cooperi
527 2242 599 2295 beno
618 2261 644 2310 a,
664 2244 693 2295 ct
712 2240 803 2310 operis
823 2257 886 2295 eam
904 2260 929 2311 9.
1048 2246 1076 2296 et

61 2332 124 2368 cum
143 2313 307 2368 intemuerit
324 2332 349 2384 9,
369 2330 423 2381 que
442 2330 506 2367 cum
524 2311 678 2381 intepuerit
696 2331 722 2366 a.
814 2316 830 2364 3
849 2310 950 2365 exinde
970 2330 991 2367 s.
1012 2313 1031 2367 f.
1050 2332 1075 2385 9,

60 2402 111 2439 orn.
130 2403 155 2439 a.
230 2384 337 2453 (intep.)
356 2384 386 2436 in
405 2383 422 2438 l.
444 2400 472 2437 se
490 2382 619 2451 proiciat.
640 2383 740 2437 Cibor.
755 2401 814 2437 ..a
877 2381 1012 2438 amilatos
1027 2387 1074 2439 bc.

60 2462 77 2509 4
97 2454 211 2508 sanabis
232 2470 294 2508 eam
312 2472 337 2525 p,
357 2454 502 2508 curabitur
520 2471 545 2507 u.
672 2456 818 2523 expertum
836 2455 880 2506 eat
897 2471 928 2522 a,
953 2471 1011 2522 qua
1029 2470 1076 2508 ax-

59 2527 172 2594 pertum
209 2527 252 2578 est
269 2542 293 2594 9.
423 2525 531 2578 cruor.
551 2525 672 2578 deestis
690 2532 767 2580 textu
785 2526 800 2579 b
821 2528 966 2594 (qucrnea
984 2526 1076 2597 ipdice

57 2595 209 2666 praemisso
227 2595 345 2660 addidi).
365 2593 407 2647 De
425 2592 497 2647 vitio
515 2592 657 2661 virginum
676 2598 705 2649 ct
722 2595 874 2649 viduarum
891 2596 949 2650 iud.
969 2613 995 2650 α.
1019 2598 1076 2650 triu

60 2682 130 2737 qaae
147 2681 198 2734 seq.
218 2666 343 2733 capitula
361 2681 411 2718 om.
431 2674 536 2735 Meum
553 2667 585 2718 iu
597 2665 651 2731 lius
670 2667 867 2734 odoaccar).
924 2667 992 2733 (ta.)
1013 2683 1025 2719 a
1047 2683 1075 2720 e-

60 2734 109 2790 rul'
132 2737 156 2790 b.
211 2750 336 2788 eu1mcrc
357 2736 419 2803 (cic)
440 2736 462 2789 b.
519 2740 534 2788 7
554 2733 634 2789 solet.
655 2738 686 2789 ut
701 2753 724 2790 c.
741 2754 764 2791 c.
780 2738 830 2790 aut
847 2754 888 2805 pr.
910 2738 960 2790 aut
973 2738 995 2792 1.
1014 2684 1073 2789 iiiia

60 2807 131 2861 fiant
144 2826 169 2862 u.
225 2811 241 2858 8
261 2804 290 2859 Si
309 2805 394 2860 vulva
417 2804 504 2859 fuerit
522 2807 551 2861 b:
571 2805 710 2861 Curantur
729 2809 824 2861 autem
843 2806 891 2862 sic.
910 2805 999 2861 vidua
1018 2806 1074 2861 sibi

60 2877 235 2933 subiciat...
251 2896 277 2933 a.
337 2882 353 2930 9
372 2876 476 2947 virgini
494 2876 545 2931 fiat
562 2879 663 2949 naturp
682 2877 737 2932 viri
752 2879 789 2932 ad
804 2876 1019 2932 similitudinem
1038 2878 1074 2931 de

60 2966 124 3004 cera
143 2953 172 3003 et
189 2949 264 3004 nitro
283 2951 312 3004 ct
327 2949 506 3003 cardamomo
525 2947 709 3018 pulverizata.
730 2952 759 3002 ct
773 2964 807 3002 ex
821 2948 875 3002 boc
891 2946 998 3002 illinita
1012 2948 1071 3003 XX.

61 3024 84 3076 b.
100 3020 255 3074 subiciatur
269 3023 356 3089 a(rel.
372 3026 444 3090 ool).
496 3026 528 3073 11
544 3020 722 3088 date(sic)b.
761 3019 905 3074 cerineab.
967 3021 1072 3074 12111.

61 3097 94 3144 13
113 3094 186 3147 rubr.
206 3110 240 3147 ecc
258 3093 274 3146 b
293 3100 318 3149 ct
335 3095 393 3148 iud.
414 3095 460 3148 ba.
517 3097 551 3145 14
565 3109 588 3146 o.
603 3089 692 3145 facies
711 3107 745 3145 cr
765 3107 789 3144 o.
809 3109 830 3144 r.
850 3109 875 3145 a.
931 3091 960 3143 et
974 3105 1073 3143 cerusa

60 3165 89 3215 et
111 3161 241 3230 litargiro
266 3166 295 3217 et
318 3162 448 3233 stipteria
472 3162 604 3217 ammices
624 3164 652 3217 b:
676 3165 705 3216 ct
728 3160 865 3215 adhibeas
889 3176 1023 3215 ccrusam.
1044 3163 1073 3214 et

59 3231 248 3302 lithargirum.
269 3233 433 3303 stipteroam
452 3253 476 3289 a.
583 3237 615 3286 15
635 3231 686 3286 illa
704 3248 753 3287 om.
774 3251 799 3287 a.
905 3237 938 3285 16
958 3231 1073 3285 abortat

62 3305 155 3370 (etium
174 3305 292 3371 istud)
313 3308 341 3360 b:
361 3304 468 3359 abortit
486 3324 504 3359 u
522 3306 553 3359 iu
571 3305 628 3359 iud.
715 3309 748 3356 17
768 3303 796 3357 C.
816 3302 842 3357 fl.
862 3304 974 3356 contere
994 3301 1073 3356 etin

59 3374 125 3428 vino
145 3394 170 3430 v.
206 3374 266 3427 otni
281 3376 325 3430 da.
345 3393 396 3430 nec
411 3375 498 3430 faciet
511 3377 610 3444 postea
625 3372 792 3427 abortivum.
812 3373 925 3445 Mulreri
943 3390 998 3444 qup
1014 3371 1071 3426 cito

61 3445 167 3502 abortit
185 3392 309 3514 ieporcm
327 3454 374 3502 etc.
394 3466 419 3502 a.
512 3452 544 3500 18
563 3443 742 3514 apprehende
761 3461 791 3499 a:
810 3461 860 3498 om.
881 3446 905 3498 b.
991 3443 1016 3496 p
1038 3459 1072 3496 ca

55 3517 132 3576 talos
151 3519 217 3591 flacc)
238 3517 262 3574 d.
283 3534 309 3572 v.
328 3519 349 3572 t.
370 3519 397 3573 b:
417 3519 447 3571 et
464 3516 534 3572 tolle
553 3516 580 3570 ei
598 3514 707 3569 catulos
727 3515 761 3569 de
780 3533 806 3570 v.
826 3533 851 3570 a.
