2288 3878
63 166 128 230 312
397 165 745 220 resono-ussonom

328 324 483 391 111110
502 326 561 391 (31)
581 322 627 377 De
646 321 801 393 spasmis.

136 402 340 458 ...Omnibus
359 419 425 458 vcro
444 401 620 458 tensionibus
639 405 704 474 post
721 401 848 457 fomenta
871 403 1039 461 chalastica
1059 423 1094 461 ex

65 484 127 540 oleo
146 484 272 554 sicyonio
292 487 342 539 aut
359 483 479 538 nardino
498 482 660 538 unctionem
679 480 836 550 adhibebo,
856 485 887 537 et
904 500 1000 554 acopa
1021 485 1094 540 cali-

66 565 146 620 diora
165 581 199 618 ex
213 562 276 618 olco
291 563 406 633 cyprino
426 562 562 618 confecta.
590 579 656 616 nam
672 560 677 627 Ι
693 564 730 632 (p.
746 563 791 631 81)
805 563 836 616 et
849 561 953 632 adipes
973 563 1094 620 leonum

38 645 189 715 ogelhano
208 643 291 698 mixti
308 661 362 713 par
379 642 547 698 beneficium
570 643 778 714 procurarunt]
806 645 836 697 et
858 659 1008 713 scopum
1029 646 1093 700 hoc

65 723 293 795 Hippocratis
312 740 368 791 quo
387 740 453 776 usus
472 725 516 777 est
535 723 573 777 ad
596 721 714 777 cervicis
738 721 848 777 dolores
872 725 902 778 et
926 724 967 778 ad
985 742 1093 781 nervos

67 804 208 874 obligatos
233 806 262 859 et
287 803 324 857 ad
353 818 463 856 omnem
492 801 634 857 duritiam.
670 800 747 858 faeni
774 802 871 871 graeci
897 801 1052 860 heminam
1071 807 1091 875 l,

66 884 197 939 althaeae
216 882 344 937 radicum
357 881 590 954 manipulum,vel
603 881 801 952 fasciculuml,
816 899 908 951 aquae
927 888 1032 953 cyatos
1043 887 1090 941 ΠΙ.

66 980 169 1032 coques
193 963 230 1017 ad
257 961 366 1017 tertias.
394 960 454 1015 sini
479 959 583 1015 veteris
611 961 735 1030 cotylam
753 961 780 1031 1,
810 961 865 1017 olei
887 964 998 1020 veteris
1018 967 1090 1035 351,

26 1055 52 1094 ro
67 1060 147 1099 cerae
165 1043 260 1112 pondo
274 1041 308 1109 Il,
328 1041 438 1095 resinae
457 1039 547 1095 frixae
565 1042 660 1111 pondo
678 1041 712 1110 Π,
731 1040 850 1111 galbani
868 1055 904 1103 ÷
918 1044 954 1100 H.
982 1061 1090 1114 coques

65 1123 96 1177 in
115 1122 173 1177 olla
191 1121 273 1176 fictili
291 1120 401 1175 tamdiu
418 1137 563 1189 quousque
583 1137 612 1175 se
625 1121 772 1190 misceant,
787 1121 919 1178 conficies
938 1126 968 1179 et
988 1126 1088 1181 uteris.

67 1204 108 1274 [et
119 1201 324 1271 cataplasmate
334 1200 490 1255 chalastico
500 1199 564 1255 loca
574 1200 680 1255 diutius
691 1201 838 1272 mitigabo.
858 1205 925 1274 post
933 1203 1090 1273 clysterem

67 1298 133 1336 vero
144 1280 343 1336 chalasticum.
351 1324 356 1335 .
364 1322 370 1334 .
377 1297 444 1334 nam
453 1283 482 1334 et
492 1278 661 1335 carbonibus
670 1281 797 1350 proxime
807 1281 968 1338 calentibus
980 1284 1089 1340 lectum

68 1359 255 1431 straminaho]
284 1362 313 1413 et
340 1359 406 1428 equi
434 1359 532 1430 adipes
561 1377 625 1415 curn
651 1358 745 1414 resina
767 1361 797 1415 et
819 1360 945 1430 galbano
969 1364 1089 1433 aequali

26 1451 52 1492 rs
66 1439 190 1508 pondere
214 1439 244 1492 in
267 1457 354 1492 uuum
378 1442 512 1494 contusae
532 1443 561 1494 et
584 1441 717 1496 decoctae
743 1455 844 1494 nervos
868 1444 897 1495 et
924 1444 1091 1511 posteriora

68 1517 192 1587 corporis
211 1518 338 1573 membra
356 1518 473 1574 inuncta
489 1519 603 1574 solvunt
622 1519 734 1590 erigunt
753 1522 782 1574 et
800 1521 963 1577 extendunt.
992 1523 1089 1596 [Dabo

68 1599 177 1653 interea
196 1598 326 1668 potiones
346 1599 515 1654 huiusmodi.
545 1599 665 1654 castorei
681 1598 827 1669 pulverem
844 1617 908 1654 curn
925 1602 1090 1674 meliorato,

68 1677 239 1746 aliquotiens
262 1677 368 1748 piperis
392 1678 538 1749 quippiam
561 1678 777 1750 intermiscens]
806 1679 846 1734 sic
869 1683 898 1735 et
916 1679 1023 1737 lotium
1041 1701 1090 1739 ca-

66 1759 180 1829 prinum
197 1758 279 1828 potui
297 1759 426 1830 tepidum
446 1760 544 1814 datum
562 1757 736 1813 validissime
749 1760 873 1829 prodest.
900 1760 942 1815 sic
961 1765 1090 1819 castorei

27 1849 53 1890 ro
66 1838 172 1909 piperis
187 1856 242 1894 ane
256 1852 293 1898 -·,-
305 1840 326 1894 Ι.
351 1839 434 1893 simul
448 1839 548 1894 tritum
566 1838 683 1909 colliges
698 1856 762 1892 cum
779 1839 872 1909 melle,
891 1840 999 1897 eximes
1018 1843 1089 1899 inde

66 1937 154 1974 unum
179 1918 350 1974 coclearium
378 1922 407 1974 et
431 1918 512 1989 potui
540 1935 604 1972 cum
634 1935 708 1986 aqua
736 1917 861 1973 calidum
888 1919 980 1976 dabis.
1016 1922 1090 1978 item

67 1999 197 2067 castorei,
215 1999 322 2070 piperis
341 1998 409 2067 albi,
427 1996 593 2069 petroselini
611 2014 667 2052 ana
684 1998 755 2057 ÷1.
774 1998 874 2052 tritum
892 2000 1001 2069 optime
1022 2019 1090 2058 oum

66 2078 150 2134 melle
170 2079 286 2149 colliges
306 2081 335 2132 et
353 2078 454 2132 exinde
473 2094 536 2130 cum
554 2094 630 2145 aqua
644 2076 771 2132 calidum
781 2078 862 2148 potui
880 2079 962 2133 dabis
978 2080 1088 2138 ieiuno.

69 2159 162 2230 [Dabo
186 2162 216 2213 et
239 2158 342 2213 silfium
366 2175 430 2212 cum
450 2157 568 2227 pipere.
586 2158 785 2227 ..procurabo
813 2157 901 2213 etiam
924 2158 1090 2217 calidarum

27 2248 53 2288 ss
68 2238 114 2292 vel
133 2238 300 2292 balnearum
318 2236 456 2292 beneficia
478 2235 652 2304 frequentius
676 2236 819 2293 adhibebo
837 2241 870 2292 ut
889 2238 1002 2308 possint
1020 2247 1090 2312 post

68 2320 129 2372 tam
148 2334 263 2373 saevam
281 2316 488 2387 aegritudinem
507 2318 659 2388 reparare]

140 2398 190 2451 Ad
220 2396 330 2450 telum
358 2394 415 2450 vel
448 2396 490 2450 ad
519 2396 722 2465 sanguinem
755 2397 948 2453 erraticum.
986 2400 1090 2457 Perso-

67 2476 166 2530 naciae
186 2476 290 2530 herbae
309 2475 390 2530 radix
414 2492 478 2529 curn
500 2474 624 2544 axungia
647 2476 737 2530 veteri
760 2481 878 2532 contusa
896 2480 925 2532 et
948 2477 1088 2549 imposita

68 2558 158 2610 sanat.
187 2555 279 2624 picem
298 2554 436 2624 virginem
455 2554 485 2608 in
503 2554 632 2608 chartam
654 2573 755 2625 puram
773 2557 897 2627 induces,
917 2561 946 2612 et
964 2558 1089 2630 sulphur

29 2645 55 2685 ao
69 2635 166 2689 vivum
189 2637 218 2688 et
242 2633 348 2687 nitrum
375 2633 475 2687 tritum
498 2650 714 2706 superasperges
738 2640 767 2691 et
794 2637 918 2692 calidum
945 2638 1086 2710 impones.

67 2715 185 2769 herbam
212 2712 315 2767 filicem
344 2712 448 2767 siccam
475 2714 577 2768 tundes
612 2717 641 2770 et
668 2715 793 2786 pulveris
821 2716 880 2771 cius
913 2718 1087 2776 coclearium

66 2795 182 2866 plenum
200 2793 294 2848 ieiuno
314 2810 377 2848 curn
395 2792 461 2848 vino
481 2793 571 2849 dabis.

140 2969 156 3017 3
175 2979 265 3032 acopa
284 2962 433 3018 calidiora:
452 2965 496 3020 hic
511 2971 625 3034 propter
638 2965 860 3020 lromoioteleaton
874 2981 963 3034 acopa
981 2972 1086 3025 transit

67 3035 104 3089 ad
123 3036 201 3106 louge
219 3035 298 3101 infra
316 3053 360 3105 ap.
384 3035 433 3090 Tb.
452 3037 598 3106 sequentia.
619 3037 653 3104 of.
672 3053 758 3106 supro
776 3036 814 3090 ad
828 3053 857 3104 p.
875 3039 937 3103 129,
956 3040 1000 3091 12.

68 3105 214 3160 bmixtos.
234 3122 287 3174 par
301 3108 324 3160 b.
374 3106 539 3177 procurabis
555 3108 578 3161 b.
630 3105 807 3176 oypocrstis
826 3106 902 3174 quod
917 3108 940 3161 b.
987 3108 1084 3181 8altp

67 3174 126 3230 rad’
148 3178 170 3231 b.
237 3182 268 3230 11
289 3176 390 3231 tandiu
410 3179 432 3232 b.
496 3177 614 3232 misceat
633 3180 656 3233 b.
721 3176 833 3231 conficis
854 3179 876 3232 b.
951 3183 984 3230 12
1005 3183 1085 3235 cata-

67 3246 178 3317 plasma
197 3245 334 3301 calantica
353 3250 376 3303 b.
464 3254 497 3302 15
516 3251 663 3320 recontusp
683 3249 706 3302 b.
799 3253 831 3302 16
852 3247 944 3303 solvit.
965 3249 1033 3322 erig.
1055 3256 1085 3307 et

69 3317 197 3373 extendit
216 3320 239 3373 b.
331 3323 366 3372 20
385 3318 484 3372 eximis
504 3322 527 3374 b.
618 3319 686 3373 211.
703 3322 772 3372 coci.
789 3321 811 3373 b.
894 3319 967 3374 221.
988 3337 1038 3376 om.
1059 3326 1083 3378 b.

68 3395 102 3443 23
121 3386 172 3444 cal'
194 3391 216 3444 b.
264 3387 407 3443 adhibebo
426 3397 472 3445 etc.
492 3392 532 3445 sic
545 3391 568 3445 b.
615 3394 649 3442 21
668 3391 759 3445 eadem
781 3391 837 3443 iam
856 3407 942 3459 sopra
960 3395 1084 3462 camapio

64 3462 157 3535 lepisti
170 3462 291 3533 capitolo
300 3459 339 3513 IV
354 3460 388 3515 de
402 3458 559 3529 pleuriticis
572 3462 668 3530 (φααῑο
682 3462 763 3517 aliter
776 3477 810 3515 ea
844 3465 923 3529 esso).
978 3468 1012 3516 29
1023 3481 1084 3518 sur-

50 3532 103 3590 rur
119 3537 143 3594 b.
222 3537 260 3590 30
278 3529 407 3607 aspergis
423 3576 429 3588 .
445 3574 451 3587 .
467 3575 473 3588 .
487 3530 581 3602 iponis
601 3532 624 3586 b.
715 3536 748 3585 31
767 3546 913 3599 puverem
931 3533 954 3588 b.

578 3786 656 3814 Q
