2288 3878
56 156 121 222 184
368 159 753 213 111111111111111

144 322 222 384 aliud
241 331 271 384 et
289 322 385 404 spleni
403 331 434 384 et
447 325 525 403 epati
539 325 718 384 conveniens
732 324 763 384 in
779 325 895 384 lervore
914 332 1072 386 utrorum·

55 448 112 508 que
132 430 381 509 praecordiorum.
414 431 657 508 crocomagmatis
679 428 739 489 und
752 429 778 508 l,
801 447 886 490 cerae
910 412 952 490 lib
961 431 984 512 1,
1006 431 1068 493 olei

55 538 135 597 rosei
153 533 213 596 unc
225 535 297 616 vul,
320 543 418 613 guttae
438 538 614 597 ammoniaci
632 535 673 595 lib
688 533 713 615 1,
736 532 818 596 aceti
836 542 980 614 quantum
1004 538 1066 598 sul-

55 626 117 686 ficit
140 623 175 684 ad
199 631 312 702 guttam
335 627 510 685 ammoniaci
532 622 757 684 dissolvendam.

27 726 40 766 ὁ
142 713 215 773 haec
234 715 332 773 omnia
347 711 504 790 emplastra
522 711 568 772 vel
586 710 760 790 malagmata
778 714 958 772 conveniunt
976 731 1069 774 causa

55 801 167 880 splenis
186 800 417 879 indignantibus,
450 800 558 880 quibus
577 800 697 879 expedit
715 799 751 860 ab
771 799 909 861 omnibus
928 800 1072 862 dulcibus

54 890 212 950 abstinere.

6 975 43 1037 ·2
143 995 213 1038 sane
238 978 264 1037 si
288 975 372 1056 splen
396 977 535 1038 duritiam
562 976 730 1053 adduxerit,
760 993 834 1055 quae
863 976 899 1037 de
923 976 1066 1056 hydropis

54 1085 117 1149 nos,
132 1073 311 1145 superventu
334 1065 400 1145 plus
423 1073 546 1146 terreat,
578 1068 667 1126 etiam
694 1064 741 1124 bis
768 1064 939 1143 potionibus
967 1067 1065 1125 immi·
1104 1121 1114 1129 ..

15 1170 40 1209 10
54 1155 184 1216 nendum
217 1161 270 1215 est.
316 1161 432 1214 acetum
467 1154 636 1214 scilliticum
668 1155 700 1212 in
729 1159 848 1212 noctem
880 1155 911 1213 in
943 1152 1066 1214 modum

53 1246 143 1304 unius
166 1242 308 1303 coclearis
331 1243 448 1303 sorberi
470 1243 566 1303 debet.
607 1258 713 1320 aquam
736 1239 860 1301 calidam
882 1240 986 1302 bibant
1012 1241 1067 1302 ubi

53 1334 166 1392 serrum
181 1334 301 1408 igneum
319 1333 511 1409 extinguitur.
544 1338 593 1391 aut
607 1330 644 1390 de
659 1331 794 1407 utrisque
810 1347 933 1408 puscam
951 1336 1068 1409 tempe-

53 1426 147 1479 ratam
175 1420 329 1496 accipiant.
379 1426 501 1479 utantur
528 1416 751 1479 decoctionibus
781 1419 917 1496 capparis
945 1425 995 1479 aut
1023 1418 1066 1479 la-

54 1505 135 1587 pathi
158 1512 209 1566 aut
239 1507 374 1565 tamarici
405 1513 455 1566 aut
486 1506 536 1566 ubi
565 1507 640 1567 lorte
669 1523 800 1565 murram
832 1506 986 1567 infuderis.
1032 1509 1069 1567 in

14 1611 39 1650 1
54 1592 174 1655 modum
196 1592 360 1670 palaestrae
384 1595 485 1655 lricari
507 1613 558 1655 eos
582 1596 734 1674 convenit,
758 1594 941 1655 commodius
964 1602 1067 1655 tamen

54 1685 80 1742 si
98 1680 230 1742 laborem
244 1680 385 1742 libentius
400 1686 581 1744 sustinentes
601 1685 663 1742 suis
680 1700 768 1760 quam
782 1684 908 1742 maxime
927 1682 1070 1743 manibus

54 1771 243 1832 defricentur.
281 1773 461 1848 gestationes
481 1790 586 1832 cursus
607 1779 635 1831 et
654 1779 769 1831 ceteros
788 1769 905 1830 labores
924 1778 1067 1850 appetere

54 1866 178 1939 oportet.
224 1858 366 1938 dropaces
395 1862 515 1939 impono
542 1867 676 1938 tempore
705 1860 885 1938 competenti
912 1866 941 1919 et
965 1866 1068 1919 cetera

54 1967 128 2027 quae
152 1946 233 2027 cyclo
257 1951 444 2009 conveniunt.
490 1950 535 2009 uti
557 1947 680 2008 lavacris
708 1946 794 2007 salsis
816 1945 863 2007 rel
889 1946 1066 2008 bitumineis

13 2052 40 2092 20
53 2036 237 2098 naturalibus
255 2037 382 2116 expedit.
415 2044 516 2097 natare
539 2037 711 2114 frequenter
730 2038 819 2095 etiam
841 2037 872 2094 in
891 2045 972 2095 mare
995 2034 1066 2115 plus

125 2246 140 2295 1
163 2241 352 2312 crocomsgmi
374 2242 414 2310 B,
442 2256 554 2296 crocum
575 2256 680 2310 magna
704 2240 736 2307 V,
760 2239 798 2295 Co
820 2256 925 2310 magns
943 2241 971 2295 b:
996 2245 1027 2296 δᾶ
1041 2259 1069 2299 ν.

52 2322 68 2369 2
89 2312 679 2383 11111111(11.1)...3111111111111
697 2313 735 2380 Β)
755 2327 780 2366 a.
800 2310 874 2364 libra
892 2311 912 2365 I.
932 2312 1012 2365 aceto
1033 2313 1067 2367 V.

52 2384 159 2439 evm.
178 2385 241 2450 Bb,
261 2386 323 2438 octo
346 2384 377 2438 V:
397 2381 545 2437 duodecim
561 2400 584 2437 r.
658 2381 862 2437 ammoniacem
877 2382 1017 2451 VB(—ci
1030 2386 1066 2451 r).

52 2461 68 2509 5
88 2454 259 2510 conveniant
278 2455 309 2510 V.
382 2454 473 2508 causis
493 2451 596 2522 splenis
610 2453 695 2508 rGel.
711 2450 881 2521 (spleneticis
901 2454 939 2520 b):
960 2470 972 2506 s
994 2452 1069 2506 lenis

58 2527 83 2578 V
96 2525 224 2594 (-nibus
238 2526 285 2595 Β).
373 2529 389 2578 8
409 2523 489 2594 splen
507 2525 534 2579 B
547 2525 605 2579 cet.
620 2526 655 2593 (et
673 2541 733 2578 curn
751 2523 762 2576 l
780 2527 812 2577 io
829 2525 895 2591 aas.)
909 2525 933 2591 b,
952 2542 971 2593 p
1004 2523 1070 2578 onis

56 2597 87 2664 V,
107 2595 198 2666 spleni
215 2615 237 2651 r.
311 2594 461 2650 obduxerit
477 2612 500 2650 r.
563 2600 597 2649 10
615 2593 646 2648 in
663 2596 775 2647 noctem
798 2594 889 2649 VGel.
909 2595 983 2663 (-te
997 2596 1065 2664 rB):

53 2669 89 2722 sd
107 2668 219 2722 noctem
238 2668 260 2722 b.
336 2673 367 2720 11
392 2664 469 2720 sorbi
487 2665 573 2719 debet
596 2665 652 2719 VB
667 2664 784 2734 (sorberi
803 2664 888 2718 debet
906 2665 989 2734 Geli:
1012 2682 1065 2721 cm.

52 2742 88 2794 rb
102 2741 160 2808 (ubi
175 2754 199 2793 s.
216 2736 309 2806 squill.
320 2737 385 2793 inn.
397 2735 479 2790 debis
493 2735 523 2789 in
536 2754 572 2791 m.
587 2753 613 2791 u.
630 2735 760 2790 coclearii
778 2753 801 2803 r,
821 2751 846 2790 a,
865 2752 907 2803 sq.
926 2735 1008 2789 dabis
1028 2736 1067 2790 ad

51 2827 78 2865 n.
93 2810 114 2865 I.
134 2809 201 2864 cocl’
217 2811 250 2878 b).
333 2825 436 2877 squam
453 2809 493 2862 rb
506 2807 578 2862 Get:
597 2823 693 2861 coram
711 2809 771 2876 (sic)
793 2806 855 2860 VB.
932 2805 1013 2860 bibet
1032 2807 1067 2863 V.

54 2886 86 2934 12
96 2879 115 2935 f.
127 2880 251 2934 calidum
261 2881 319 2949 (sic)
329 2879 444 2950 igneum
457 2878 520 2947 VB,
534 2878 638 2933 ferrum
651 2877 797 2947 ignitumr
808 2877 921 2946 (ferrum
929 2879 1018 2946 simpl.
1030 2879 1068 2947 b).

52 2949 198 3018 utriusque
223 2951 254 3005 V.
329 2957 360 3005 13
380 2950 497 3004 utantur
514 2951 612 3004 rdet:
631 2949 780 3003 utubantur
803 2949 835 3015 V,
855 2949 884 3002 11
897 2949 1014 3001 utentur
1027 2949 1064 3002 Β.

52 3019 143 3088 lopati
162 3021 194 3089 V,
213 3018 286 3074 —cii
298 3021 371 3077 er.
436 3019 615 3089 14111111-
630 3018 770 3089 V)marici
785 3018 853 3073 VB:
873 3017 949 3072 -cis
963 3019 1070 3088 efflet.)

53 3092 87 3145 ab
114 3091 166 3145 bac
187 3107 249 3146 occe
271 3094 303 3145 to
326 3094 341 3146 b
364 3093 524 3146 inseruntur
550 3092 669 3146 remedio
695 3091 842 3159 spleneticos
865 3091 990 3158 plurima
1013 3090 1065 3146 sic:

52 3159 192 3214 Tamarici
210 3159 283 3230 ligni
296 3161 447 3216 fasciculos
460 3159 505 3216 llI.
520 3159 551 3214 in
564 3161 622 3215 olla
635 3158 694 3214 rud’
709 3176 773 3212 cum
788 3162 867 3214 aceto
887 3160 1065 3227 decoques...

53 3237 86 3286 16
106 3231 130 3285 si
148 3230 276 3286 laborem
293 3233 390 3302 ellel,
417 3231 441 3285 si
459 3231 570 3286 labores
590 3233 618 3286 b:
643 3229 667 3282 si
686 3229 807 3283 siborem
830 3232 862 3297 V,
886 3229 911 3284 si
930 3244 1068 3299 saponem

52 3305 80 3371 (i)
95 3303 131 3358 B.
231 3307 264 3358 19
283 3303 361 3372 cyclo
387 3303 419 3371 V,
439 3301 510 3356 ciclo
529 3305 565 3371 B,
585 3300 670 3356 ciclos
688 3301 792 3369 r(boec
806 3318 856 3356 ooo.
876 3303 910 3371 b).
1018 3299 1066 3354 vel

57 3373 151 3428 VBb:
171 3374 200 3426 11
220 3372 277 3428 Gel.
350 3379 384 3429 20
402 3375 515 3428 natare:
532 3373 652 3426 naturae
670 3371 752 3426 rVB
760 3370 817 3427 cet.
833 3374 893 3440 (om.
909 3373 932 3440 b,
951 3372 1002 3426 obi
1019 3371 1067 3425 vel

51 3443 214 3499 bitumineis
233 3443 279 3498 vel
297 3443 327 3497 in
344 3442 435 3514 meri).
535 3442 566 3497 in
584 3457 660 3496 mare
678 3459 701 3510 r,
720 3441 751 3495 in
769 3441 842 3496 mari
860 3445 888 3499 b:
907 3457 984 3496 mere
1003 3443 1066 3510 (om.

46 3514 90 3584 in)
115 3517 171 3572 VB
183 3517 240 3572 Get.
