2310 3864
56 152 123 214 440
458 153 664 207 VINDIOIANI

59 276 153 364 centes
172 312 294 363 venter
307 313 337 363 et
349 308 486 363 intestina
500 325 566 362 con·
594 312 623 382 el
633 310 773 365 stentinus
788 311 969 366 continentes
986 313 1081 369 latera

58 382 151 437 linens
179 380 271 434 latera
299 382 328 434 el
356 379 461 449 espina.
494 396 566 434 vene
594 383 624 434 el
642 381 732 451 spine.
755 383 854 435 venter
873 385 972 437 autem
989 382 1082 438 habet

59 456 154 507 aulem
173 451 233 505 eius
253 451 320 504 abel
339 450 476 505 orificium
496 451 566 504 duos
595 451 702 506 orificic
721 453 785 507 duo.
811 470 899 506 unum
916 453 1083 522 proximum

59 523 145 578 etsie
161 522 287 590 proximo
308 522 470 575 membrano
491 521 567 589 quod
593 523 789 577 membranum
811 524 889 591 quod
906 523 992 592 'greci
1015 542 1083 594 pro·

58 593 136 664 greci
154 592 342 662 procausdion
359 594 462 645 vocant
480 591 511 644 in
530 591 566 645 si·
593 593 743 647 locardion
756 595 867 648 vocant.
887 592 918 646 in
931 593 1084 650 sinistram

59 665 179 718 nistram
197 665 307 732 partem
326 661 486 717 inclinatur.
509 661 567 715 alia
579 636 582 685 ⁸
594 666 706 733 partem
719 662 888 718 inclinatum
902 665 982 732 quod
999 667 1083 736 greci

59 733 168 790 veroin
183 731 457 801 dextrapailccirca
472 694 731 816 sedemipulsurun
753 737 864 788 vocant.
894 734 986 789 clium
1012 753 1084 792 vero

60 822 130 874 quos
142 804 266 874 positum
280 806 324 857 est
338 806 468 857 extensus
478 819 567 871 usque
580 794 582 819 ¹
594 823 625 858 1n
640 805 769 859 dextram
782 807 892 874 parbem
906 805 984 859 circa
1002 806 1085 863 iecor

60 877 98 930 ad
112 876 228 945 longum
242 874 318 941 quod
335 873 412 942 greci
428 873 511 927 lacon
526 873 567 926 di·
594 875 719 945 positum
737 877 793 943 est,
817 877 845 929 cl
864 877 1016 930 extensum
1034 896 1084 933 ue-

60 950 135 1002 cunl.
155 945 301 1000 continens
320 961 400 998 renes
420 946 448 997 et
466 943 517 996 ilia
539 945 568 997 et
595 963 649 1013 quc
668 947 706 1000 ad
723 945 824 1000 locum.
845 947 921 1013 quod
940 947 1023 1016 greci
1040 948 1085 1004 la-

60 1018 184 1072 iocinera
199 1019 227 1070 ct
241 1015 335 1069 vesica
349 1014 468 1068 viridem
482 1014 568 1083 plena
595 1032 652 1085 gon
671 1016 777 1070 dicunt.
803 1016 892 1070 latine
914 1015 969 1071 ilia
988 1019 1084 1074 conti-

60 1089 206 1142 humorem
224 1086 300 1155 quod
324 1085 401 1154 greci
420 1084 501 1138 colen
519 1101 568 1138 vo·
594 1089 663 1140 nent
678 1088 866 1140 dextramnes
881 1086 932 1140 scd
944 1088 1083 1145 iocineris

62 1162 128 1213 cani
150 1159 180 1211 in
203 1157 318 1210 sinistra
340 1157 421 1224 paine
443 1155 568 1224 positum
595 1157 691 1211 fertur.
711 1157 849 1211 vessicam
864 1173 932 1212 vero
951 1158 1082 1229 planam.

62 1233 105 1284 est
132 1229 212 1297 splen
240 1227 362 1295 oblongo
388 1225 569 1280 coniunctum
595 1227 715 1282 viridem
746 1227 899 1282 humorem.
933 1230 1014 1296 qaod
1042 1231 1083 1286 fel

62 1302 105 1354 est
127 1297 285 1352 ventriculo
313 1296 459 1351 continens
482 1313 568 1350 mem·
596 1298 708 1352 dicitur.
724 1298 755 1350 in
764 1298 879 1351 sinistra
888 1315 956 1353 vcro
965 1304 1084 1368 partem

61 1371 151 1424 branc
170 1369 268 1422 denuc.
290 1368 398 1421 habens
416 1366 567 1436 pinguissi-
595 1368 720 1438 positum
747 1371 798 1423 est.
828 1368 956 1437 splenem
979 1371 1083 1426 oblon-

62 1456 121 1493 mas
150 1455 236 1492 venas
265 1455 319 1504 quc
347 1437 497 1492 intestinas
522 1436 568 1491 vel
596 1458 663 1508 gum
689 1439 870 1493 coniunctum
891 1440 987 1494 ventri
1015 1459 1083 1497 con·

62 1512 189 1564 ventrem
216 1511 314 1577 tegent
342 1511 371 1561 et
399 1507 569 1562 calefaciunt
596 1510 704 1563 tinelur
712 1509 883 1563 membranis
893 1511 1083 1569 tenuissimis.

63 1580 138 1648 quod
157 1578 233 1648 greci
256 1578 372 1646 epeplus
390 1582 501 1634 vocante
528 1578 569 1631 la·
596 1581 734 1635 habentes
761 1579 964 1649 pinguissimas
990 1600 1082 1638 venae

62 1651 140 1705 tinae
160 1651 291 1703 obmento
310 1648 356 1703 vel
374 1666 478 1718 mappa
500 1648 569 1702 dici·
597 1669 651 1720 que
664 1651 830 1705 intestinum
843 1653 946 1720 tegunt
960 1655 991 1706 et
1006 1654 1083 1710 ccle-

62 1725 109 1776 iur
128 1723 273 1775 extensum
292 1721 335 1773 est
355 1737 444 1787 usque
463 1719 569 1773 edilia
596 1721 713 1776 faciunt.
729 1721 805 1789 quod
818 1721 896 1790 greci
910 1723 1019 1791 epylon
1033 1743 1083 1780 vo-

64 1794 219 1846 subvocenl
246 1790 308 1845 colo
335 1790 472 1844 intestino
505 1807 569 1844 con·
597 1795 671 1846 cant.
703 1792 793 1845 latine
823 1791 994 1848 homenaim.
1036 1813 1084 1850 cx-

62 1863 156 1918 tinens
182 1861 389 1932 longitudinem
411 1861 569 1930 palmorum
596 1866 708 1917 tensum
727 1865 756 1916 el
778 1879 866 1930 usque
886 1863 924 1916 ad
943 1863 997 1918 ilia
1016 1884 1084 1935 pro·

64 1938 198 2001 quattuor
207 1934 238 1987 in
247 1932 362 2002 inguine
374 1931 568 2001 dextroparlis
596 1934 673 1986 xima
699 1949 805 1986 renum.
836 1933 955 1989 sinislra
983 1940 1086 1992 autem

63 2005 185 2073 ponitur.
596 2007 706 2074 partem
730 2003 857 2057 subiacet
880 2004 933 2058 sub
957 2005 1015 2061 hoc
1042 2009 1085 2062 in-

596 2074 733 2128 testinum
766 2073 968 2128 tenuissimum
1006 2080 1086 2146 quod

597 2145 674 2214 greci
692 2144 871 2198 lilonnicium
890 2151 1007 2204 vocant.
1032 2151 1085 2204 sub

596 2216 650 2269 hoc
687 2215 791 2269 collum
832 2216 984 2271 continens
1023 2220 1087 2275 lon-

597 2301 725 2355 gaonem.
