2288 3878
60 394 81 446 ‘⁸3

61 450 80 493 Ρ

63 2149 82 2196 Ψ,

63 2197 82 2239 b

451 175 611 226 nmroun
629 175 779 227 lernen.
1060 174 1126 238 469

114 327 275 385 nominibus
300 331 487 401 appellantur.
518 331 568 385 alii
592 331 690 386 dieunt
712 333 858 387 humorem
880 323 1010 386 inflatum
1034 333 1127 387 visum

113 411 195 465 nobis
219 411 343 466 reddere.
374 411 555 466 dominantur
583 414 678 465 autem
700 411 731 464 in
754 410 842 465 oeulis
865 411 969 466 nostris
996 412 1127 466 humores

113 493 180 560 treS,
199 492 287 546 idest
306 491 397 545 salsus
412 490 523 560 gelidus
538 490 667 560 frigidus.
688 489 723 544 de
736 489 781 544 his
796 489 831 543 in
847 489 1071 544 obtalmieum
1084 490 1127 543 li-

114 572 209 625 brum
227 572 314 626 latius
333 570 503 640 scripsimus.

499 713 545 768 VI.
564 713 610 767 De
630 730 737 768 aures.

185 792 303 846 Aurium
321 795 480 846 nostrorum
500 792 572 846 duae
591 791 694 846 iterum
716 793 810 847 fistule
833 793 931 847 dextra
954 792 1074 858 levaque
1094 807 1128 844 ex

115 871 214 926 eodem
231 871 395 926 membrano
414 871 558 926 incidente
577 871 731 941 iunguntur
750 873 860 927 ossibus
880 873 1044 939 auriumque
1064 888 1128 925 ossa

114 951 265 1007 beloniade
284 950 472 1021 appellantur,
496 951 596 1006 ultime
613 955 709 1022 partes
728 953 839 1007 aurium
861 952 891 1005 in
915 952 1017 1020 quibus
1035 967 1128 1020 reper-

115 1049 197 1087 eussa
216 1049 270 1086 vox
289 1029 436 1085 intellecto
454 1030 516 1101 ipso
535 1031 698 1086 membrano
718 1032 825 1086 cerebri
843 1031 971 1086 remittit.

468 1173 527 1228 Vll.
548 1174 594 1229 De
612 1173 764 1229 naribus.

185 1251 264 1306 Duae
280 1269 375 1306 rursus
389 1253 483 1308 fistule
498 1270 532 1308 ex
545 1253 656 1308 mediae
670 1252 759 1324 partis
775 1252 882 1308 cerebri
896 1269 984 1322 usque
1004 1253 1041 1306 ad
1055 1270 1129 1306 sum-

115 1347 176 1383 mas
196 1331 384 1401 cartelagines
407 1333 519 1387 narium
536 1334 701 1403 procedunt,
724 1335 776 1388 sub
801 1334 903 1403 quibus
926 1337 1025 1388 tenues
1045 1332 1129 1386 unica

116 1409 268 1479 singularis
293 1411 393 1465 subtus
416 1411 545 1481 palatum
567 1431 655 1483 usque
681 1414 812 1468 defertur.
837 1431 891 1483 que
909 1414 1049 1468 foramina
1073 1412 1128 1465 duo

115 1494 218 1544 exeunt
236 1491 266 1543 in
285 1490 367 1561 faeie,
389 1493 439 1562 qui
458 1493 631 1549 ventositate
649 1494 725 1548 fores
745 1494 885 1563 emittunt,
905 1512 975 1562 quas
994 1493 1071 1563 greci
1085 1509 1129 1545 ro-

114 1571 217 1624 thonss
236 1571 384 1642 appellant
403 1573 433 1626 id
452 1577 496 1628 est
513 1591 604 1629 nares.
684 1645 688 1655 1

475 1715 547 1770 VIII.
566 1715 612 1770 De
631 1715 773 1770 cervice.

186 1795 249 1849 Una
266 1811 333 1850 vero
352 1794 447 1849 fistula
465 1799 546 1850 tensa
570 1797 655 1863 atque
678 1796 796 1849 robusta
815 1812 878 1849 eum
900 1796 981 1863 parte
1005 1792 1129 1860 quadam

115 1873 223 1928 cerebri
241 1891 291 1943 per
309 1872 434 1927 medium
453 1874 570 1929 cervicis
585 1874 722 1930 sfondilos
738 1875 862 1929 defertur
875 1873 1057 1943 iungiturque
1071 1888 1129 1925 me-

116 1953 194 2007 dullo
219 1954 311 2024 spine,
335 1969 369 2007 ex
392 1971 448 2022 quo
470 1957 532 2009 toto
552 1971 666 2025 corpore
686 1969 782 2009 sensus
802 1953 851 2022 qui
869 1955 977 2007 tautum
997 1951 1128 2004 manibus

115 2032 161 2088 vel
179 2034 298 2102 pedibus
317 2037 427 2104 prestat
439 2033 609 2090 intellectus.
630 2034 706 2104 quod
720 2037 785 2088 sunt
798 2050 869 2089 vene
883 2035 997 2102 gutture
1011 2030 1126 2085 maioris

78 2138 82 2146 ·
115 2129 186 2181 quas
201 2113 383 2182 sanguinales
396 2131 537 2169 vocamus.
557 2118 700 2184 quattuor,
720 2112 783 2182 due,
798 2129 852 2182 que
867 2128 972 2182 organa
988 2110 1127 2178 dicuntur,

116 2195 145 2246 et
168 2193 236 2262 due,
260 2193 450 2248 evisceribus
476 2194 620 2250 venientes
645 2192 793 2262 subposita
816 2192 917 2260 oeulis,
946 2208 1016 2259 quas
1040 2205 1128 2259 genas

115 2289 257 2342 vocamus,
277 2272 380 2341 quibus
400 2273 508 2328 coherit
525 2274 661 2344 palatum.

452 2398 538 2454 VIIII.
562 2398 607 2453 De
628 2398 798 2453 dentibus.
843 2402 845 2406 '

62 2456 104 2553 ΕΙ
186 2477 291 2532 Dentes
310 2495 376 2534 vero
395 2479 486 2534 nostri
505 2483 571 2534 sunt
588 2479 700 2548 XXXII,
719 2479 872 2534 femineum
890 2480 919 2532 et
934 2475 1129 2529 duribarbium

188 2630 396 2685 linominibus
416 2631 446 2685 U.
502 2631 644 2701 apellatur
657 2634 689 2687 P.
744 2629 826 2683 inflat
840 2631 872 2684 P.
929 2628 977 2681 ei.
989 2627 1082 2696 (idest)
1093 2627 1129 2680 P:

116 2715 165 2753 om.
190 2700 254 2755 UG.
310 2704 339 2756 et
358 2702 403 2771 (de
422 2701 477 2772 his)
496 2705 560 2758 odd.
583 2703 616 2758 G.
677 2708 692 2756 5
711 2703 753 2756 De
772 2701 883 2755 aurium
901 2699 1042 2769 positione
1067 2697 1129 2751 UG.

116 2776 131 2822 6
147 2769 270 2823 Aureum
283 2775 441 2826 nostrorum
460 2773 497 2828 P:
516 2774 606 2828 Aures
623 2776 735 2827 nostras
759 2773 823 2828 UG.
896 2772 950 2824 due
974 2770 1005 2837 U,
1026 2768 1079 2839 due
1096 2766 1130 2820 G.

187 2841 298 2894 uterum
315 2842 348 2896 P.
404 2842 497 2915 fistule
519 2844 552 2899 G.
610 2844 806 2898 'lmembrano
831 2841 899 2896 UG:
918 2836 1086 2892 mimbranei
1097 2838 1130 2892 P.

187 2908 336 2966 incedente
360 2913 423 2967 UG.
480 2913 665 2968 8beloniade
690 2914 758 2970 UG:
777 2910 929 2966 heloniade
948 2910 981 2963 P.
1034 2907 1131 2977 appel·

115 2978 191 3033 latur
210 2980 242 3035 P.
316 2999 432 3036 aureum
452 2985 484 3038 P.
576 2991 666 3038 snex
686 2985 718 3039 P.
810 2981 987 3036 intellectum
1005 2979 1132 3048 ipsorum

114 3051 241 3105 membra
260 3068 284 3107 o.
303 3070 324 3107 r.
347 3053 380 3107 G.
437 3059 469 3107 11
489 3054 584 3108 media
602 3057 697 3123 partes
722 3054 785 3108 UG.
844 3059 877 3106 12
897 3051 1078 3120 cartilagines
1099 3050 1130 3104 U.

185 3139 302 3176 nereum
321 3123 354 3178 P.
427 3123 511 3177 unica
530 3125 567 3180 P:
587 3142 678 3179 unaue
699 3126 733 3192 G,
752 3141 860 3178 venaoa
883 3124 914 3178 U.
968 3121 1131 3192 13811130-

113 3193 182 3247 laris
201 3194 234 3249 P.
313 3197 411 3264 suptus
430 3195 463 3249 P.
537 3213 591 3266 que
616 3196 678 3250 UG.
753 3201 787 3248 14
808 3193 906 3249 exiunt
924 3194 956 3248 P.
1030 3198 1063 3247 25
1082 3209 1131 3246 vo·

114 3267 180 3319 eant
201 3266 233 3320 G.
308 3271 341 3319 17
359 3268 470 3335 partem
486 3267 595 3336 P(-te
619 3267 664 3335 U).
746 3272 779 3320 18
798 3265 921 3319 fondilos
941 3266 1000 3320 UG.
1073 3279 1131 3317 me-

114 3335 193 3390 dulla
213 3337 276 3391 UG.
333 3342 366 3390 19
385 3339 477 3392 totum
492 3341 566 3409 (-s1)
580 3337 704 3408 eorporis
719 3338 746 3393 U
750 3338 782 3392 G.
834 3343 868 3391 20
887 3337 917 3390 in
936 3340 1050 3406 gutture
1066 3333 1129 3390 UG.

184 3407 305 3463 maiores
330 3409 393 3464 UG.
467 3415 499 3462 21
520 3411 642 3479 quatuor
656 3410 688 3464 P.
760 3409 817 3482 'due
834 3409 868 3464 G.
942 3423 1046 3478 ergene
1066 3405 1129 3460 UG.

114 3483 148 3532 ΞΒ
167 3479 276 3534 coherit
295 3481 333 3536 P:
354 3479 443 3535 eoen't
466 3481 498 3548 U,
517 3479 625 3556 opperit
646 3480 679 3535 G.
766 3485 800 3534 24
818 3481 861 3535 De
881 3479 1013 3535 dentibus
1032 3478 1069 3530 P:
1089 3476 1132 3529 De

115 3549 213 3604 dentes
238 3551 302 3606 UG.
377 3556 411 3605 25
430 3550 580 3608 fimeneum
599 3551 633 3621 P,
651 3551 803 3607 feminibus
827 3552 891 3607 UG.
