2288 3878
441 178 710 232 ADDITAMENTA.
1016 175 1080 240 347

67 337 160 391 lutum
178 335 254 404 cyati
276 351 407 390 mensura
425 335 506 405 potui
531 337 611 405 dato,
635 337 695 388 tam
718 334 831 389 mulieri
850 351 935 403 qnam
953 335 1026 404 vira,
1053 337 1082 390 et

67 419 179 484 utrique
198 416 364 470 concubant.

136 496 178 549 Ut
198 495 289 549 scias
309 495 338 549 si
357 495 479 549 mulier
498 495 679 564 concipere
702 494 828 564 possit,
853 511 936 562 super
958 493 1081 547 malvam

67 575 228 631 silvaticam
240 574 330 629 faciat
343 574 463 644 urinam,
482 577 512 629 et
531 574 555 629 si
569 575 643 629 infra
657 574 784 629 biduum
798 573 879 628 arida
893 573 970 628 facta
987 573 1080 641 fuerit,

67 655 139 710 scias
155 671 219 709 eam
228 671 285 709 non
294 670 376 724 posse
387 653 542 725 concipere,
553 655 578 708 si
587 654 687 710 viridis
697 653 791 723 fuerit,
807 653 920 708 omnino
932 652 1080 721 concipiet.
1109 672 1122 713 ι,

138 735 173 790 Si
190 735 269 803 quis
290 736 332 789 ad
349 734 527 790 mulierem
546 751 612 789 non
630 732 767 806 poterit
784 732 1000 802 praevalere,
1020 731 1082 785 her-

65 816 120 870 bae
135 814 270 885 priapisci
285 814 389 868 radicis
408 813 572 869 testiculum
587 814 715 868 dextrum
734 812 783 880 qui
797 811 889 867 maior
903 814 946 866 est
960 814 1033 865 teres
1053 812 1082 865 et

65 895 171 965 piperis
190 912 279 965 grana
297 894 410 964 XLVII,
435 893 527 947 mellis
545 907 583 953 ÷
595 894 621 946 H
640 893 670 947 in
692 892 758 948 vino
782 892 918 960 resolves,
942 893 971 946 et
993 889 1081 944 facies

63 992 188 1044 pensum.
216 974 269 1028 hoc
287 973 480 1042 pertriduum
499 975 600 1028 sumat.

345 1089 378 1143 V.
398 1089 444 1142 De
462 1088 556 1142 lacte
574 1087 804 1157 provocando.
1095 1069 1122 1110 ¹⁰

136 1167 249 1221 Mulieri
273 1167 317 1220 lac
342 1165 382 1220 sic
405 1183 589 1236 provocamus
612 1165 658 1219 vel
680 1166 704 1219 si
728 1183 814 1220 causa
838 1165 876 1219 sit
899 1164 1080 1219 exsiccamus.

65 1248 208 1317 ptisanam
226 1245 381 1300 feniculum
400 1248 428 1300 et
450 1246 584 1314 butyrum
608 1244 692 1298 simul
715 1248 826 1300 coctum
849 1244 939 1299 bibat.
968 1243 1038 1298 item
1056 1243 1081 1297 si

65 1327 92 1381 ei
115 1342 254 1379 mammae
281 1324 468 1379 intumuerint
494 1327 560 1394 post
587 1326 701 1393 partum
728 1341 763 1378 ex
789 1324 965 1379 abundantia
988 1323 1080 1391 lactis,

67 1404 215 1474 spongiam
238 1420 272 1458 ex
295 1419 383 1473 pusca
408 1403 531 1458 infusam
554 1403 678 1473 impone,
703 1406 754 1457 aut
777 1403 905 1474 dactylos
926 1421 989 1458 cum
1007 1420 1080 1474 pane

66 1503 100 1539 ex
131 1500 218 1552 pusca
250 1483 340 1537 tritos.
380 1482 404 1536 si
436 1500 501 1537 vero
534 1482 579 1538 lac
617 1483 739 1538 volueris
773 1483 929 1553 exsiccare,
967 1484 1081 1539 alumen
1095 1501 1121 1542 15

66 1561 245 1617 coriandrum
267 1560 444 1630 portulacam
470 1563 499 1615 et
528 1561 697 1633 sinopidem,
721 1563 752 1617 in
779 1580 808 1618 se
837 1564 932 1619 omnia
959 1564 1081 1619 contrita

67 1644 187 1710 impone.
216 1642 292 1708 quod
310 1640 335 1693 si
353 1643 447 1694 tumor
464 1641 564 1710 ingens
578 1642 665 1696 fuerit
678 1643 724 1697 vel
744 1644 837 1699 fervor
855 1647 885 1699 et
903 1643 984 1699 dolor
997 1661 1081 1714 gran-

67 1723 110 1776 dis
130 1720 290 1789 advenerit,
309 1724 341 1774 ut
365 1718 481 1788 reliquis
499 1721 657 1775 tumoribus
676 1738 776 1777 censeo
795 1724 932 1777 utendum
954 1724 1015 1776 oleo
1035 1739 1081 1776 ca-

66 1803 125 1856 lido
145 1818 208 1855 cum
226 1811 300 1868 aqua
320 1799 431 1854 adiecto
450 1817 523 1869 pane
537 1802 650 1868 munde,
670 1804 699 1855 et
713 1800 888 1870 cataplasma
907 1804 957 1854 aut
972 1800 1080 1855 farinae

66 1882 195 1936 triticeae
224 1884 274 1934 aut
300 1878 378 1933 faeni
410 1878 506 1949 graeci
533 1881 584 1933 aut
608 1879 661 1932 lini
689 1879 803 1934 seminis
833 1878 1002 1933 calefactum
1029 1880 1080 1933 im·
1095 1899 1121 1938 so

65 1962 155 2032 ponis.
176 1962 242 2014 ante
260 1962 357 2014 tamen
376 1959 509 2028 spongias
524 1958 596 2013 bene
610 1958 735 2013 calentes
750 1975 880 2029 expresso
896 1959 971 2013 omni
985 1976 1080 2014 umore

67 2040 193 2109 apponis.
221 2042 253 2093 ut
273 2038 353 2092 dolor
371 2037 547 2107 acquiescat,
567 2041 596 2092 et
616 2038 755 2093 cerotario
775 2038 897 2108 simplici
916 2038 1012 2093 uteris.
1038 2039 1081 2092 in-

138 2194 152 2241 1
172 2190 232 2242 tam
250 2187 311 2242 viro
330 2205 356 2256 q.
371 2206 408 2240 m.
424 2205 449 2242 a.
532 2191 562 2243 et
580 2191 639 2257 utq3
658 2189 783 2243 caribant
801 2190 830 2244 b:
849 2191 879 2243 et
896 2190 996 2258 postea
1016 2205 1080 2244 con-

67 2259 201 2313 cumbant
219 2278 245 2314 a.
324 2264 339 2311 3
360 2257 432 2311 scias
451 2277 484 2313 a:
504 2258 577 2313 sciat
596 2262 641 2331 by.
720 2265 738 2313 4
757 2259 925 2314 salvaticum
944 2262 1006 2328 (sic)
1027 2261 1079 2316 bo:

66 2331 225 2384 silvestrem
243 2349 268 2401 9.
341 2333 358 2381 4
376 2328 453 2382 facta
472 2345 522 2384 om.
540 2348 566 2401 9.
635 2335 651 2382 5
671 2330 744 2384 scias
762 2338 809 2385 etc.
829 2332 880 2386 ba:
900 2347 957 2384 non
975 2331 1081 2400 poterit

66 2400 213 2470 concipere
232 2419 256 2473 p.
329 2415 427 2482 parere
446 2418 472 2455 a.
563 2400 593 2455 Si
611 2417 677 2455 vero
693 2420 721 2482 9,
741 2401 796 2456 Sed
816 2400 840 2454 si
859 2420 883 2456 a.
967 2401 1080 2456 omnino

66 2491 116 2528 ora.
136 2490 185 2543 pa.
258 2487 404 2540 concipere
423 2473 518 2540 potest
536 2490 561 2526 a.
636 2477 651 2524 6
672 2472 701 2525 Sr
720 2472 970 2542 quis—(10)sumat
988 2491 1038 2528 om.
1054 2492 1080 2527 a.

65 2545 92 2598 h.
113 2542 232 2596 satirion
249 2562 274 2666 ἵ.
379 2541 481 2596 ‘lteris
501 2544 524 2610 b,
544 2545 603 2597 tere
622 2561 647 2613 9.
730 2543 872 2597 8LXVII
889 2561 915 2614 9.
987 2544 1080 2598 mellis

66 2614 184 2673 ÷11o2
204 2631 296 2684 mep
376 2612 494 2667 resolvis
514 2616 538 2682 b,
557 2629 627 2668 -ve
645 2632 669 2684 9.
735 2616 765 2668 et
782 2631 901 2683 pensum
920 2613 966 2668 fac
984 2632 1008 2686 p.

67 2691 101 2738 10
119 2687 159 2740 sic
176 2687 217 2740 tit.
238 2687 269 2740 ia
287 2686 345 2739 iad.
365 2686 404 2739 ba
419 2686 460 2753 (ta
478 2690 555 2739 tenta
569 2687 584 2740 b
598 2687 661 2754 ipsa
674 2687 769 2754 prima
787 2687 868 2741 cerba
886 2687 997 2740 rubrica
1015 2689 1080 2741 scri·

67 2759 191 2822 bantur),
210 2756 274 2810 XVI
292 2756 333 2810 De
352 2754 487 2808 mamillis
507 2754 668 2809 dolentibus
686 2773 711 2826 9.
839 2761 943 2809 10-11
963 2773 1013 2810 om.
1033 2775 1080 2827 ap.

68 2832 100 2879 11
120 2825 260 2880 exiremus
280 2829 303 2881 b.
377 2831 410 2878 12
429 2825 532 2878 bibant
546 2845 571 2881 a.
645 2830 680 2879 14
694 2825 813 2896 spongia
831 2826 862 2879 in
881 2843 956 2894 aqua
975 2826 1080 2881 suffusa

66 2900 295 3022 ἰὲἰΡίἭ
308 2898 443 3035 pata
460 2895 489 3020 il
508 2914 532 2966 ⁹·
588 2912 773 3022 llllltla
791 2896 1079 3022 am‘llllldllt

66 3037 159 3091 -m‘nt
178 3040 202 3106 b,
222 3037 295 3090 -rit
313 3057 337 3108 9.
463 3035 589 3091 exiccare
609 3040 637 3091 b:
657 3036 799 3091 desiccare
818 3055 844 3102 a,
864 3036 964 3091 siccari
983 3057 1008 3108 9.

67 3115 99 3162 16
119 3111 148 3163 et
167 3108 325 3178 sinopidem
345 3109 373 3162 bs
398 3105 527 3175 sinopide
545 3125 570 3178 9,
590 3124 653 3160 cum
672 3106 801 3176 sinopide
820 3126 845 3161 a.
937 3109 1032 3163 omnia
1050 3109 1081 3163 in

66 3196 95 3234 se
106 3179 261 3235 contritas.
300 3177 454 3246 17imp0ne
465 3194 515 3232 ons.
526 3195 550 3248 p.
589 3183 622 3230 18
632 3179 665 3231 ut
675 3177 705 3230 in
714 3196 735 3232 r.
746 3177 903 3232 tumoribus
918 3181 985 3232 tunc
1000 3184 1080 3235 uten-

66 3251 133 3304 dum
152 3253 195 3304 est
214 3248 530 3317 oleo...a(utendum.
556 3247 743 3317 Oleum...b,
763 3249 900 3302 utendum
919 3249 1033 3306 oleo...
1062 3256 1079 3318 ).

67 3327 100 3374 19
120 3324 149 3376 et
168 3321 343 3401 cataplasma
363 3321 486 3387 b(-ma
505 3321 562 3389 up).
635 3318 728 3373 farina
747 3321 796 3389 by:
816 3337 917 3374 -nam
931 3339 956 3375 a.
1030 3323 1080 3376 tri-

65 3390 140 3446 ticea
161 3395 188 3448 b:
208 3390 299 3447 tritici
313 3408 360 3461 ap.
398 3395 433 3443 20
451 3389 596 3459 fenugreci
610 3407 662 3461 ap,
682 3388 807 3460 fengreci
822 3393 845 3446 b.
900 3397 933 3444 21
955 3392 1080 3463 spongiis

66 3462 94 3518 b.
114 3461 273 3517 calentibus
292 3460 430 3530 expressis
451 3462 513 3528 (sic)
535 3462 603 3532 bap.
695 3466 728 3515 22
748 3464 780 3516 ut
799 3460 825 3516 d.
846 3461 1009 3530 acquiescat
1027 3481 1079 3533 ap:

68 3534 97 3586 et
116 3533 141 3589 d.
162 3532 290 3602 quiescat
310 3533 332 3586 b.
406 3535 436 3587 et
454 3548 477 3586 c.
498 3549 519 3588 s.
538 3530 627 3586 uteris
646 3532 697 3586 ba:
716 3549 767 3596 om.
786 3550 812 3603 p.
