2288 3878
39 125 107 190 470
445 126 648 179 1111111111

41 285 200 353 aliquorum
219 285 302 339 XXX.
328 284 423 339 omnia
446 284 521 339 enim
544 301 608 340 ossa
630 283 723 338 fracta
745 287 885 340 curantur
912 290 945 342 ct
970 290 1071 344 evulsa

42 366 79 418 ad
98 364 191 417 locum
210 368 384 432 revocantur,
404 365 502 419 dentes
522 368 617 419 autem
635 363 726 418 nostri
743 363 825 420 nullo
845 367 944 424 modo.
1080 343 1116 460 l}

432 507 465 560 X.
485 506 530 561 De
549 505 654 561 labia.

112 587 202 642 Labia
221 592 317 641 nostra
336 590 402 640 suut
424 587 588 640 membrana
607 601 725 654 venosa,
750 603 805 654 que
825 587 952 645 adsidue
978 595 1009 646 et
1029 592 1073 647 in·

13 672 186 721 oceseantcr
206 668 348 738 [omnibus
367 666 554 737 temporibus]
573 668 729 720 moventur.

111 893 221 961 Lingua
236 893 332 944 nostra
350 807 599 958 11(11Ξ1Π1(13116ρί11111Ῑι
598 824 724 942 fgaiiimm
742 887 806 942 loca
826 893 936 946 natura
955 910 1072 948 muscu-

39 971 110 1039 losa,
131 972 242 1041 duplice
262 973 394 1024 contexta
413 969 589 1036 membrano,
613 967 659 1021 cui
678 967 702 1020 si
720 967 832 1023 cerebri
851 986 885 1024 ac
906 970 1071 1028 visceribus

40 1051 126 1105 fuerit
146 1052 238 1105 auslio
258 1050 387 1116 febrium,
407 1049 505 1103 statim
524 1047 650 1117 asperior
667 1047 706 1102 fit.

2 1215 26 1253 ω
414 1191 473 1244 111.
493 1190 539 1244 oe
558 1190 685 1259 palato.
973 1148 1005 1190 “

112 1271 244 1325 Palatum
263 1289 280 1324 a
299 1271 470 1339 quibusdam
489 1270 594 1325 dicitur
611 1270 737 1340 hyperoa
759 1271 806 1324 vel
829 1274 931 1328 uranis
947 1294 1006 1344 que
1027 1282 1072 1332 est

40 1367 124 1420 super
143 1351 249 1406 dentes.
274 1369 379 1405 uranus
398 1351 523 1422 asperior
542 1353 592 1405 est.
616 1349 741 1420 hyperoa
765 1353 864 1406 autem
887 1354 1001 1411 dicitur
1021 1303 1089 1437 quil

39 1434 84 1483 est
102 1429 229 1497 interius,
250 1431 299 1484 ubi
318 1432 423 1500 pendet
441 1448 497 1485 uva
515 1433 547 1485 ut
566 1446 675 1485 camere
693 1429 821 1486 lenitate.

1102 1323 1118 1364 4

432 1579 506 1639 XIlL
524 1581 570 1634 De
589 1596 661 1634 uva.

1 1665 27 1705 11
113 1655 145 1708 Iu
164 1654 263 1709 eodem
281 1654 343 1710 loco
358 1660 464 1727 pendet
477 1677 542 1728 uva,
560 1676 614 1728 que
629 1662 673 1714 est
686 1661 790 1713 natura
803 1657 960 1715 lubricosa.
981 1662 1068 1716 nobis

41 1735 111 1804 ipsis
131 1753 239 1790 summa
258 1737 372 1805 quidem
393 1738 539 1795 humorem
561 1742 671 1810 prestat
693 1737 821 1793 ciborum
845 1739 1068 1797 devorationem

41 1815 87 1869 vel
112 1834 210 1871 sonum
232 1818 323 1887 vocis,
346 1819 522 1890 conplurima
545 1819 653 1874 habens
676 1817 816 1872 foramina
840 1819 1016 1876 tenuissima
1035 1825 1067 1876 ut
1093 1813 1115 1866 ᾳ

41 1913 92 1950 aco
116 1902 229 1968 puncta.
254 1898 344 1953 veluti
367 1900 530 1955 mammillis
553 1898 702 1954 mulierum
725 1914 861 1952 emanans
884 1897 946 1968 lae,
974 1901 1067 1956 sicet
1098 1871 1116 1963 ἓ

40 1976 104 2046 ipsa
123 1979 244 2034 dimittit
262 1979 407 2035 humorem
426 1981 544 2036 interius
563 1979 702 2034 viscerum
721 1977 780 2032 sive
798 1977 968 2047 pulmonum
988 1981 1066 2034 circa
1098 1966 1117 2050 ᾖ

0 2063 27 2101 ⁷¹0
40 2057 178 2129 palatum,
198 2059 248 2113 ubi
263 2061 421 2130 superiacet
440 2079 496 2115 uva
511 2061 585 2114 eirca
599 2059 724 2114 radicem
737 2056 861 2125 linguae.
882 2056 964 2111 cuius
980 2060 1066 2113 radix
1096 2052 1117 2116 'tt

40 2140 166 2206 cooperit
185 2139 313 2195 canalem
337 2144 366 2195 et
388 2142 564 2197 stomachum
586 2143 705 2210 petauro
725 2135 825 2204 simile,
850 2152 905 2204 que
931 2139 1064 2208 utrisque

39 2218 153 2272 canales
176 2221 259 2273 modo
283 2221 392 2275 claudit
413 2223 498 2276 modo
527 2220 626 2291 aperit.
656 2217 748 2288 aperit
776 2219 872 2270 autem
899 2217 1066 2286 spiritalem
1099 2245 1117 2286 <l

39 2298 152 2362 quando
171 2298 320 2367 loquimur,
339 2300 430 2357 cludit
444 2305 540 2356 autem
554 2318 618 2355 cum
631 2298 842 2352 manducamus.
862 2295 916 2350 hoc
931 2296 963 2350 in
977 2299 1064 2353 nobis
1098 2290 1116 2352 1

39 2377 188 2447 sentimus,
213 2379 325 2445 quando
350 2397 417 2434 casu
441 2380 537 2449 aliquo
563 2379 620 2433 cibi
638 2377 684 2432 vel
702 2379 786 2447 potus
806 2374 837 2429 in
856 2391 890 2429 ea
909 2379 994 2445 parte
1020 2379 1064 2432 in·

107 2602 305 2671 ialiquarum
324 2596 356 2648 P.
412 2598 503 2663 tque
524 2591 558 2644 G.
614 2588 728 2660 assidue
750 2589 784 2655 G,
803 2587 917 2640 assidue
943 2588 974 2643 U.
1034 2593 1065 2645 et

39 2692 91 2737 oms.
112 2679 143 2732 P.
217 2680 232 2727 o
252 2666 381 2723 omnibus
399 2661 574 2733 temporibus
599 2660 667 2715 UG:
687 2675 737 2714 om,
757 2660 790 2713 P.
865 2658 1001 2728 7(radix)
1019 2664 1065 2715 est

41 2753 105 2808 add.
131 2747 193 2806 Ue.
266 2736 424 2795 muscolosa
443 2735 475 2789 P.
551 2738 584 2786 10
602 2731 644 2785 De
663 2729 793 2799 palatum
816 2729 843 2784 U
847 2728 880 2783 G.
956 2734 990 2783 11
1011 2750 1065 2800 ny-

42 2840 128 2894 peroa
150 2822 211 2890 (sic)
232 2818 266 2883 P,
284 2810 401 2881 hiperoa
425 2806 489 2862 UG.
599 2800 761 2868 duranisq3
782 2800 819 2854 P:
840 2816 890 2880 ona
915 2800 980 2854 UG.

44 2901 76 2949 12
97 2891 223 2963 asperior
242 2902 276 2949 ψ
295 2885 328 2952 Ρ,
347 2879 518 2952 asperiorem
541 2874 605 2930 UG.
678 2873 785 2941 hypera
804 2870 841 2925 P:
861 2869 980 2939 hiperoa
996 2873 1026 2928 U
1029 2874 1063 2929 G,

44 2970 78 3018 13
97 2965 202 3033 pendet
226 2961 261 3017 U:
280 2954 380 3029 pendit
398 2953 432 3021 P,
451 2949 555 3003 —dent
575 2946 608 3001 G.
682 2945 713 2997 at
732 2941 803 2996 PU:
823 2942 874 3022 aut
894 2941 927 2995 G.
989 2941 1065 2997 leni.

44 3036 133 3089 tatem
153 3035 185 3087 P.
296 3035 329 3084 lo
368 3024 447 3082 endit
466 3023 498 3076 P.
571 3016 620 3087 qui
644 3014 702 3071 Ue.
792 3011 902 3065 lubrica
927 3011 987 3066 UG.

47 3111 79 3159 16
99 3103 214 3170 quidem
233 3119 282 3156 cm.
307 3046 371 3155 Uti.
425 3090 550 3150 humoris
574 3088 637 3145 ΗΘ.
697 3084 832 3152 cyborum
851 3082 883 3136 P.
940 3087 974 3135 17
995 3100 1064 3138 con-

44 3172 168 3246 plurima
188 3173 224 3225 P:
245 3172 312 3239 quia
330 3169 452 3241 plurima
476 3165 539 3221 UG.
644 3162 677 3212 18
696 3171 747 3209 aco
767 3153 837 3207 PU:
856 3168 930 3220 aquo
953 3153 987 3207 G.
1023 3225 1028 3236 ι

46 3241 181 3300 mamillis
206 3242 236 3295 U.
310 3247 344 3294 19
363 3240 489 3294 dimittet
513 3233 576 3292 UG.
667 3228 810 3281 humorem
834 3222 864 3277 U.
953 3223 1064 3278 201111-

47 3332 102 3388 gue
126 3312 157 3380 U,
177 3328 266 3382 -gue
288 3311 320 3365 G.
414 3317 447 3364 21
468 3305 559 3378 coprit
577 3304 609 3357 P.
717 3295 859 3351 carnalem
878 3293 912 3374 P,
1004 3297 1063 3350 stu-

47 3386 148 3443 macho
173 3382 235 3437 UG.
310 3382 344 3434 de
366 3384 463 3435 etauro
484 3381 515 3434 P.
593 3388 646 3442 que
665 3387 715 3426 om.
739 3366 802 3422 UG.
856 3366 1004 3432 utnusque
1027 3367 1060 3421 G.

48 3453 277 3514 2211111111Ρ.
328 3399 443 3504 oibudet
457 3452 489 3506 Ρ,
540 3452 573 3502 23
593 3442 705 3512 quando
725 3438 788 3494 Ue:
808 3451 870 3488 cum
885 3433 918 3490 P.
964 3438 1062 3490 autem

51 3548 101 3586 om.
126 3528 189 3583 UG.
263 3539 326 3577 cum
345 3520 382 3576 P:
402 3537 466 3576 cum
484 3537 541 3589 qua
564 3515 628 3572 Ue.
