<?xml version="1.0" encoding="UTF-8"?>
<!DOCTYPE html PUBLIC "-//W3C//DTD XHTML 1.0 Transitional//EN"
    "http://www.w3.org/TR/xhtml1/DTD/xhtml1-transitional.dtd">
<html xmlns="http://www.w3.org/1999/xhtml" xml:lang="en" lang="en">
 <head>
  <title>
</title>
<meta http-equiv="Content-Type" content="text/html;charset=utf-8" />
  <meta name='ocr-system' content='tesseract 3.04.00' />
  <meta name='ocr-capabilities' content='ocr_page ocr_carea ocr_par ocr_line ocrx_word'/>
</head>
<body>
  <div class='ocr_page' id='page_1' title='image "./theodoripriscia00rosegoog_0051.png"; bbox 0 0 2288 3878; ppageno 0'>
   <div class='ocr_carea' id='block_1_1' title="bbox 93 133 786 198">
    <p class='ocr_par' dir='ltr' id='par_1_1' title="bbox 93 133 786 198">
     <span class='ocr_line' id='line_1_1' title="bbox 93 133 786 198; baseline -0.001 -10"><span class='ocrx_word' id='word_1_1' title='bbox 93 133 133 198; x_wconf 90' lang='lat'><strong>18</strong></span> <span class='ocrx_word' id='word_1_2' title='bbox 401 134 590 187; x_wconf 83' lang='lat' dir='ltr'><strong>THEODORI</strong></span> <span class='ocrx_word' id='word_1_3' title='bbox 607 134 786 187; x_wconf 80' lang='lat' dir='ltr'><strong>Pmscutru</strong></span> 
     </span>
    </p>
   </div>
   <div class='ocr_carea' id='block_1_2' title="bbox 47 299 1106 1707">
    <p class='ocr_par' dir='ltr' id='par_1_2' title="bbox 47 299 1106 1707">
     <span class='ocr_line' id='line_1_2' title="bbox 91 299 1106 381; baseline 0.003 -20"><span class='ocrx_word' id='word_1_4' title='bbox 91 319 127 361; x_wconf 84' lang='lat' dir='ltr'><strong>ex</strong></span> <span class='ocrx_word' id='word_1_5' title='bbox 155 318 293 361; x_wconf 92' lang='lat' dir='ltr'><strong>umorum</strong></span> <span class='ocrx_word' id='word_1_6' title='bbox 320 299 418 360; x_wconf 91' lang='lat' dir='ltr'><strong>colore</strong></span> <span class='ocrx_word' id='word_1_7' title='bbox 447 300 592 377; x_wconf 75' lang='lat' dir='ltr'><strong>originem</strong></span> <span class='ocrx_word' id='word_1_8' title='bbox 617 317 772 359; x_wconf 83' lang='lat' dir='ltr'><strong>causarum</strong></span> <span class='ocrx_word' id='word_1_9' title='bbox 800 307 967 381; x_wconf 86' lang='lat' dir='ltr'><strong>attestatur,</strong></span> <span class='ocrx_word' id='word_1_10' title='bbox 994 311 1029 363; x_wconf 91' lang='lat' dir='ltr'><strong>ut</strong></span> <span class='ocrx_word' id='word_1_11' title='bbox 1053 303 1106 364; x_wconf 92' lang='lat' dir='ltr'><strong>ali-</strong></span> 
     </span>
     <span class='ocr_line' id='line_1_3' title="bbox 92 387 1106 469; baseline 0.004 -20"><span class='ocrx_word' id='word_1_12' title='bbox 92 389 208 468; x_wconf 88' lang='lat' dir='ltr'><strong>quando</strong></span> <span class='ocrx_word' id='word_1_13' title='bbox 235 388 299 449; x_wconf 91' lang='lat' dir='ltr'><strong>alba</strong></span> <span class='ocrx_word' id='word_1_14' title='bbox 327 388 483 468; x_wconf 90' lang='lat' dir='ltr'><strong>aliquando</strong></span> <span class='ocrx_word' id='word_1_15' title='bbox 511 387 601 449; x_wconf 88' lang='lat' dir='ltr'><strong>rubra</strong></span> <span class='ocrx_word' id='word_1_16' title='bbox 629 387 785 466; x_wconf 91' lang='lat' dir='ltr'><strong>aliquando</strong></span> <span class='ocrx_word' id='word_1_17' title='bbox 814 390 905 449; x_wconf 90' lang='lat' dir='ltr'><strong>etiam</strong></span> <span class='ocrx_word' id='word_1_18' title='bbox 931 392 1037 469; x_wconf 92' lang='lat' dir='ltr'><strong>nigrae</strong></span> <span class='ocrx_word' id='word_1_19' title='bbox 1063 395 1106 453; x_wconf 93' lang='lat' dir='ltr'><strong>vi-</strong></span> 
     </span>
     <span class='ocr_line' id='line_1_4' title="bbox 91 475 1104 557; baseline 0.004 -19"><span class='ocrx_word' id='word_1_20' title='bbox 91 477 195 538; x_wconf 93' lang='lat' dir='ltr'><strong>deatur</strong></span> <span class='ocrx_word' id='word_1_21' title='bbox 214 480 343 557; x_wconf 81' lang='lat' dir='ltr'>propior.</span> <span class='ocrx_word' id='word_1_22' title='bbox 377 485 407 537; x_wconf 90' lang='lat' dir='ltr'><strong>et</strong></span> <span class='ocrx_word' id='word_1_23' title='bbox 426 477 492 536; x_wconf 93' lang='lat' dir='ltr'><strong>ideo</strong></span> <span class='ocrx_word' id='word_1_24' title='bbox 508 475 629 555; x_wconf 91' lang='lat' dir='ltr'><strong>speciali</strong></span> <span class='ocrx_word' id='word_1_25' title='bbox 646 477 822 555; x_wconf 75' lang='lat' dir='ltr'>purgatione</span> <span class='ocrx_word' id='word_1_26' title='bbox 834 480 960 556; x_wconf 90' lang='lat' dir='ltr'><strong>purgari</strong></span> <span class='ocrx_word' id='word_1_27' title='bbox 973 478 1104 542; x_wconf 81' lang='lat' dir='ltr'><strong>debebit</strong></span> 
     </span>
     <span class='ocr_line' id='line_1_5' title="bbox 89 566 1104 646; baseline 0.003 -19"><span class='ocrx_word' id='word_1_28' title='bbox 89 585 159 627; x_wconf 93' lang='lat' dir='ltr'><strong>nam</strong></span> <span class='ocrx_word' id='word_1_29' title='bbox 191 567 300 627; x_wconf 79' lang='lat' dir='ltr'>suadeo</span> <span class='ocrx_word' id='word_1_30' title='bbox 332 568 417 645; x_wconf 91' lang='lat' dir='ltr'><strong>prius</strong></span> <span class='ocrx_word' id='word_1_31' title='bbox 449 567 541 625; x_wconf 89' lang='lat' dir='ltr'><strong>totius</strong></span> <span class='ocrx_word' id='word_1_32' title='bbox 569 567 702 644; x_wconf 89' lang='lat' dir='ltr'><strong>corporis</strong></span> <span class='ocrx_word' id='word_1_33' title='bbox 730 582 832 625; x_wconf 87' lang='lat' dir='ltr'><strong>curam</strong></span> <span class='ocrx_word' id='word_1_34' title='bbox 860 572 890 625; x_wconf 86' lang='lat' dir='ltr'><strong>et</strong></span> <span class='ocrx_word' id='word_1_35' title='bbox 918 566 1104 646; x_wconf 80' lang='lat' dir='ltr'><strong>diligentiam</strong></span> 
     </span>
     <span class='ocr_line' id='line_1_6' title="bbox 62 652 1104 736; baseline 0.006 -24"><span class='ocrx_word' id='word_1_36' title='bbox 62 655 316 735; x_wconf 80' lang='lat' dir='ltr'><strong>sdecemendam,</strong></span> <span class='ocrx_word' id='word_1_37' title='bbox 340 671 398 733; x_wconf 89' lang='lat' dir='ltr'><strong>quo</strong></span> <span class='ocrx_word' id='word_1_38' title='bbox 418 652 544 713; x_wconf 91' lang='lat' dir='ltr'><strong>ulterius</strong></span> <span class='ocrx_word' id='word_1_39' title='bbox 567 652 667 713; x_wconf 81' lang='lat' dir='ltr'><strong>acerbi</strong></span> <span class='ocrx_word' id='word_1_40' title='bbox 689 661 718 713; x_wconf 92' lang='lat' dir='ltr'><strong>et</strong></span> <span class='ocrx_word' id='word_1_41' title='bbox 740 654 874 732; x_wconf 82' lang='lat' dir='ltr'><strong>corrupti</strong></span> <span class='ocrx_word' id='word_1_42' title='bbox 897 658 1013 717; x_wconf 90' lang='lat' dir='ltr'><strong>umoris</strong></span> <span class='ocrx_word' id='word_1_43' title='bbox 1036 676 1104 736; x_wconf 91' lang='lat' dir='ltr'><strong>per-</strong></span> 
     </span>
     <span class='ocr_line' id='line_1_7' title="bbox 89 741 1103 824; baseline 0.003 -20"><span class='ocrx_word' id='word_1_44' title='bbox 89 746 197 805; x_wconf 80' lang='lat' dir='ltr'><strong>tinacia</strong></span> <span class='ocrx_word' id='word_1_45' title='bbox 219 762 275 823; x_wconf 93' lang='lat' dir='ltr'><strong>per</strong></span> <span class='ocrx_word' id='word_1_46' title='bbox 296 743 438 803; x_wconf 82' lang='lat' dir='ltr'><strong>inferiora</strong></span> <span class='ocrx_word' id='word_1_47' title='bbox 461 741 594 820; x_wconf 91' lang='lat' dir='ltr'><strong>deposita</strong></span> <span class='ocrx_word' id='word_1_48' title='bbox 618 760 633 801; x_wconf 95' lang='lat' dir='ltr'><strong>a</strong></span> <span class='ocrx_word' id='word_1_49' title='bbox 658 743 763 820; x_wconf 91' lang='lat' dir='ltr'><strong>capitis</strong></span> <span class='ocrx_word' id='word_1_50' title='bbox 785 741 931 804; x_wconf 86' lang='lat' dir='ltr'><strong>hactenus</strong></span> <span class='ocrx_word' id='word_1_51' title='bbox 950 746 1103 824; x_wconf 82' lang='lat' dir='ltr'><strong>inquietu-</strong></span> 
     </span>
     <span class='ocr_line' id='line_1_8' title="bbox 90 832 349 893; baseline -0.008 -1"><span class='ocrx_word' id='word_1_52' title='bbox 90 832 158 893; x_wconf 86' lang='lat' dir='ltr'><strong>dine</strong></span> <span class='ocrx_word' id='word_1_53' title='bbox 182 832 349 892; x_wconf 85' lang='lat' dir='ltr'><strong>devocetur.</strong></span> 
     </span>
     <span class='ocr_line' id='line_1_9' title="bbox 179 917 1103 1001; baseline 0.002 -21"><span class='ocrx_word' id='word_1_54' title='bbox 179 927 248 981; x_wconf 93' lang='lat' dir='ltr'><strong>sunt</strong></span> <span class='ocrx_word' id='word_1_55' title='bbox 266 921 376 1000; x_wconf 90' lang='lat' dir='ltr'><strong>itaque,</strong></span> <span class='ocrx_word' id='word_1_56' title='bbox 395 920 420 978; x_wconf 92' lang='lat' dir='ltr'><strong>si</strong></span> <span class='ocrx_word' id='word_1_57' title='bbox 438 918 475 978; x_wconf 89' lang='lat' dir='ltr'><strong>de</strong></span> <span class='ocrx_word' id='word_1_58' title='bbox 494 919 629 996; x_wconf 89' lang='lat' dir='ltr'><strong>sscgmate</strong></span> <span class='ocrx_word' id='word_1_59' title='bbox 648 936 736 978; x_wconf 86' lang='lat' dir='ltr'><strong>causa</strong></span> <span class='ocrx_word' id='word_1_60' title='bbox 754 917 801 978; x_wconf 91' lang='lat' dir='ltr'><strong>vel</strong></span> <span class='ocrx_word' id='word_1_61' title='bbox 819 921 902 998; x_wconf 90' lang='lat' dir='ltr'><strong>origo</strong></span> <span class='ocrx_word' id='word_1_62' title='bbox 920 924 1103 1001; x_wconf 82' lang='lat' dir='ltr'><strong>provenerit,</strong></span> 
     </span>
     <span class='ocr_line' id='line_1_10' title="bbox 89 1005 1099 1089; baseline 0.003 -21"><span class='ocrx_word' id='word_1_63' title='bbox 89 1008 333 1087; x_wconf 89' lang='lat' dir='ltr'><strong>apollegmatismi</strong></span> <span class='ocrx_word' id='word_1_64' title='bbox 356 1007 515 1067; x_wconf 90' lang='lat' dir='ltr'><strong>adhibendi</strong></span> <span class='ocrx_word' id='word_1_65' title='bbox 537 1005 620 1066; x_wconf 91' lang='lat' dir='ltr'><strong>tales.</strong></span> <span class='ocrx_word' id='word_1_66' title='bbox 667 1006 840 1086; x_wconf 80' lang='lat' dir='ltr'><strong>pyretbrum</strong></span> <span class='ocrx_word' id='word_1_67' title='bbox 864 1015 894 1068; x_wconf 90' lang='lat' dir='ltr'><strong>et</strong></span> <span class='ocrx_word' id='word_1_68' title='bbox 917 1009 1001 1070; x_wconf 82' lang='lat' dir='ltr'><strong>statis</strong></span> <span class='ocrx_word' id='word_1_69' title='bbox 1021 1013 1099 1089; x_wconf 87' lang='lat' dir='ltr'><strong>agria</strong></span> 
     </span>
     <span class='ocr_line' id='line_1_11' title="bbox 48 1093 1099 1176; baseline 0.007 -24"><span class='ocrx_word' id='word_1_70' title='bbox 48 1115 75 1154; x_wconf 81' lang='lat' dir='ltr'><strong>ro</strong></span> <span class='ocrx_word' id='word_1_71' title='bbox 89 1115 156 1158; x_wconf 90' lang='lat' dir='ltr'><strong>cum</strong></span> <span class='ocrx_word' id='word_1_72' title='bbox 180 1115 270 1176; x_wconf 88' lang='lat' dir='ltr'><strong>grano</strong></span> <span class='ocrx_word' id='word_1_73' title='bbox 294 1098 433 1157; x_wconf 89' lang='lat' dir='ltr'><strong>mastices</strong></span> <span class='ocrx_word' id='word_1_74' title='bbox 456 1097 560 1174; x_wconf 86' lang='lat' dir='ltr'><strong>aequis</strong></span> <span class='ocrx_word' id='word_1_75' title='bbox 583 1093 764 1174; x_wconf 82' lang='lat' dir='ltr'><strong>ponderibus</strong></span> <span class='ocrx_word' id='word_1_76' title='bbox 787 1097 879 1156; x_wconf 84' lang='lat' dir='ltr'><strong>mixta</strong></span> <span class='ocrx_word' id='word_1_77' title='bbox 902 1105 1029 1159; x_wconf 89' lang='lat' dir='ltr'><strong>contusa</strong></span> <span class='ocrx_word' id='word_1_78' title='bbox 1052 1099 1099 1159; x_wconf 92' lang='lat' dir='ltr'><strong>ad·</strong></span> 
     </span>
     <span class='ocr_line' id='line_1_12' title="bbox 87 1182 1097 1267; baseline 0 -21"><span class='ocrx_word' id='word_1_79' title='bbox 87 1185 254 1267; x_wconf 85' lang='lat' dir='ltr'><strong>hibeantur,</strong></span> <span class='ocrx_word' id='word_1_80' title='bbox 273 1193 303 1246; x_wconf 92' lang='lat' dir='ltr'><strong>et</strong></span> <span class='ocrx_word' id='word_1_81' title='bbox 322 1185 364 1246; x_wconf 91' lang='lat' dir='ltr'><strong>sal</strong></span> <span class='ocrx_word' id='word_1_82' title='bbox 383 1203 451 1245; x_wconf 87' lang='lat' dir='ltr'><strong>cum</strong></span> <span class='ocrx_word' id='word_1_83' title='bbox 469 1183 568 1262; x_wconf 92' lang='lat' dir='ltr'><strong>puleio</strong></span> <span class='ocrx_word' id='word_1_84' title='bbox 586 1185 745 1243; x_wconf 90' lang='lat' dir='ltr'><strong>contritum</strong></span> <span class='ocrx_word' id='word_1_85' title='bbox 760 1183 898 1245; x_wconf 92' lang='lat' dir='ltr'><strong>similiter</strong></span> <span class='ocrx_word' id='word_1_86' title='bbox 912 1192 942 1245; x_wconf 90' lang='lat' dir='ltr'><strong>et</strong></span> <span class='ocrx_word' id='word_1_87' title='bbox 956 1182 1097 1267; x_wconf 78' lang='lat' dir='ltr'><strong>(sinapi)</strong></span> 
     </span>
     <span class='ocr_line' id='line_1_13' title="bbox 88 1269 833 1352; baseline 0 -20"><span class='ocrx_word' id='word_1_88' title='bbox 88 1292 155 1333; x_wconf 92' lang='lat' dir='ltr'><strong>cum</strong></span> <span class='ocrx_word' id='word_1_89' title='bbox 180 1275 307 1352; x_wconf 73' lang='lat' dir='ltr'><strong>oxymeli</strong></span> <span class='ocrx_word' id='word_1_90' title='bbox 329 1275 455 1333; x_wconf 84' lang='lat' dir='ltr'><strong>mixtum</strong></span> <span class='ocrx_word' id='word_1_91' title='bbox 479 1288 529 1331; x_wconf 91' lang='lat' dir='ltr'><strong>ore</strong></span> <span class='ocrx_word' id='word_1_92' title='bbox 553 1269 665 1332; x_wconf 89' lang='lat' dir='ltr'><strong>diutius</strong></span> <span class='ocrx_word' id='word_1_93' title='bbox 687 1279 833 1332; x_wconf 90' lang='lat' dir='ltr'><strong>teneatur.</strong></span> 
     </span>
     <span class='ocr_line' id='line_1_14' title="bbox 177 1357 1097 1443; baseline 0.004 -22"><span class='ocrx_word' id='word_1_94' title='bbox 177 1379 247 1439; x_wconf 90' lang='lat' dir='ltr'><strong>ergo</strong></span> <span class='ocrx_word' id='word_1_95' title='bbox 270 1363 409 1440; x_wconf 88' lang='lat' dir='ltr'><strong>quoniam</strong></span> <span class='ocrx_word' id='word_1_96' title='bbox 434 1357 548 1436; x_wconf 92' lang='lat' dir='ltr'><strong>singula</strong></span> <span class='ocrx_word' id='word_1_97' title='bbox 572 1359 734 1420; x_wconf 88' lang='lat' dir='ltr'><strong>accidentia</strong></span> <span class='ocrx_word' id='word_1_98' title='bbox 756 1363 887 1439; x_wconf 90' lang='lat' dir='ltr'><strong>propriis</strong></span> <span class='ocrx_word' id='word_1_99' title='bbox 909 1363 973 1423; x_wconf 93' lang='lat' dir='ltr'><strong>suis</strong></span> <span class='ocrx_word' id='word_1_100' title='bbox 991 1380 1097 1443; x_wconf 92' lang='lat' dir='ltr'><strong>purga·</strong></span> 
     </span>
     <span class='ocr_line' id='line_1_15' title="bbox 87 1445 1094 1530; baseline 0.006 -24"><span class='ocrx_word' id='word_1_101' title='bbox 87 1448 219 1508; x_wconf 84' lang='lat' dir='ltr'><strong>tionibus</strong></span> <span class='ocrx_word' id='word_1_102' title='bbox 245 1448 418 1528; x_wconf 81' lang='lat' dir='ltr'><strong>liberantur,</strong></span> <span class='ocrx_word' id='word_1_103' title='bbox 445 1445 611 1525; x_wconf 90' lang='lat' dir='ltr'><strong>superaddo</strong></span> <span class='ocrx_word' id='word_1_104' title='bbox 633 1451 818 1527; x_wconf 83' lang='lat' dir='ltr'><strong>purgationis</strong></span> <span class='ocrx_word' id='word_1_105' title='bbox 845 1467 940 1528; x_wconf 90' lang='lat' dir='ltr'><strong>genus</strong></span> <span class='ocrx_word' id='word_1_106' title='bbox 964 1453 1094 1530; x_wconf 90' lang='lat' dir='ltr'><strong>quodin</strong></span> 
     </span>
     <span class='ocr_line' id='line_1_16' title="bbox 47 1536 1094 1621; baseline 0.008 -28"><span class='ocrx_word' id='word_1_107' title='bbox 47 1554 73 1593; x_wconf 81' lang='lat'><strong>1⁵</strong></span> <span class='ocrx_word' id='word_1_108' title='bbox 88 1554 244 1596; x_wconf 87' lang='lat' dir='ltr'><strong>commune</strong></span> <span class='ocrx_word' id='word_1_109' title='bbox 272 1539 336 1596; x_wconf 93' lang='lat' dir='ltr'><strong>sino</strong></span> <span class='ocrx_word' id='word_1_110' title='bbox 364 1536 486 1596; x_wconf 92' lang='lat' dir='ltr'><strong>alterius</strong></span> <span class='ocrx_word' id='word_1_111' title='bbox 513 1536 627 1595; x_wconf 89' lang='lat' dir='ltr'><strong>umoris</strong></span> <span class='ocrx_word' id='word_1_112' title='bbox 653 1537 836 1615; x_wconf 87' lang='lat' dir='ltr'><strong>praeiudicio</strong></span> <span class='ocrx_word' id='word_1_113' title='bbox 860 1546 1011 1620; x_wconf 85' lang='lat' dir='ltr'><strong>operetur,</strong></span> <span class='ocrx_word' id='word_1_114' title='bbox 1040 1558 1094 1621; x_wconf 89' lang='lat' dir='ltr'><strong>quo</strong></span> 
     </span>
     <span class='ocr_line' id='line_1_17' title="bbox 87 1623 1092 1707; baseline 0.005 -23"><span class='ocrx_word' id='word_1_115' title='bbox 87 1642 173 1684; x_wconf 92' lang='lat' dir='ltr'><strong>omne</strong></span> <span class='ocrx_word' id='word_1_116' title='bbox 195 1641 303 1703; x_wconf 91' lang='lat' dir='ltr'><strong>corpus</strong></span> <span class='ocrx_word' id='word_1_117' title='bbox 327 1625 452 1685; x_wconf 91' lang='lat' dir='ltr'><strong>diversis</strong></span> <span class='ocrx_word' id='word_1_118' title='bbox 474 1623 629 1685; x_wconf 91' lang='lat' dir='ltr'><strong>umoribus</strong></span> <span class='ocrx_word' id='word_1_119' title='bbox 653 1625 824 1685; x_wconf 81' lang='lat' dir='ltr'><strong>infestatum</strong></span> <span class='ocrx_word' id='word_1_120' title='bbox 846 1625 973 1687; x_wconf 91' lang='lat' dir='ltr'><strong>relevari</strong></span> <span class='ocrx_word' id='word_1_121' title='bbox 994 1632 1092 1707; x_wconf 88' lang='lat' dir='ltr'><strong>possit</strong></span> 
     </span>
    </p>
   </div>
   <div class='ocr_carea' id='block_1_3' title="bbox 76 1793 1093 3565">
    <p class='ocr_par' dir='ltr' id='par_1_3' title="bbox 76 1793 1093 3565">
     <span class='ocr_line' id='line_1_18' title="bbox 158 1793 1093 1863; baseline 0.001 -14"><span class='ocrx_word' id='word_1_122' title='bbox 158 1794 284 1850; x_wconf 87' lang='lat' dir='ltr'><strong>leolore</strong></span> <span class='ocrx_word' id='word_1_123' title='bbox 297 1796 398 1853; x_wconf 75' lang='lat' dir='ltr'><strong>noea</strong></span> <span class='ocrx_word' id='word_1_124' title='bbox 418 1796 510 1851; x_wconf 85' lang='lat' dir='ltr'><strong>calore</strong></span> <span class='ocrx_word' id='word_1_125' title='bbox 525 1796 568 1850; x_wconf 85' lang='lat' dir='ltr'><strong>br.</strong></span> <span class='ocrx_word' id='word_1_126' title='bbox 624 1793 777 1863; x_wconf 87' lang='lat' dir='ltr'><strong>aliquando</strong></span> <span class='ocrx_word' id='word_1_127' title='bbox 792 1795 859 1849; x_wconf 90' lang='lat' dir='ltr'><strong>alba</strong></span> <span class='ocrx_word' id='word_1_128' title='bbox 872 1812 923 1852; x_wconf 73' lang='lat' dir='ltr'><strong>ooo.</strong></span> <span class='ocrx_word' id='word_1_129' title='bbox 937 1797 974 1852; x_wconf 91' lang='lat' dir='ltr'><strong>B.</strong></span> <span class='ocrx_word' id='word_1_130' title='bbox 1031 1798 1093 1853; x_wconf 88' lang='lat' dir='ltr'><strong>alba</strong></span> 
     </span>
     <span class='ocr_line' id='line_1_19' title="bbox 87 1864 1043 1939; baseline 0.007 -20"><span class='ocrx_word' id='word_1_131' title='bbox 87 1867 228 1922; x_wconf 89' lang='lat' dir='ltr'><strong>...rubra</strong></span> <span class='ocrx_word' id='word_1_132' title='bbox 247 1868 304 1923; x_wconf 73' lang='lat' dir='ltr'><strong>oet.</strong></span> <span class='ocrx_word' id='word_1_133' title='bbox 325 1871 398 1939; x_wconf 50' lang='grc' dir='ltr'><strong>(φῂς</strong></span> <span class='ocrx_word' id='word_1_134' title='bbox 417 1866 559 1921; x_wconf 88' lang='lat' dir='ltr'><strong>rubra...</strong></span> <span class='ocrx_word' id='word_1_135' title='bbox 576 1864 642 1918; x_wconf 82' lang='lat' dir='ltr'><strong>alba</strong></span> <span class='ocrx_word' id='word_1_136' title='bbox 661 1867 704 1921; x_wconf 81' lang='lat' dir='ltr'><strong>br.</strong></span> <span class='ocrx_word' id='word_1_137' title='bbox 786 1865 909 1922; x_wconf 72' lang='lat' dir='ltr'><strong>tetiam</strong></span> <span class='ocrx_word' id='word_1_138' title='bbox 926 1883 979 1924; x_wconf 72' lang='lat' dir='ltr'><strong>ora.</strong></span> <span class='ocrx_word' id='word_1_139' title='bbox 998 1870 1043 1926; x_wconf 78' lang='lat' dir='ltr'><strong>br.</strong></span> 
     </span>
     <span class='ocr_line' id='line_1_20' title="bbox 84 1936 1091 2011; baseline 0.004 -20"><span class='ocrx_word' id='word_1_140' title='bbox 84 1936 181 2007; x_wconf 79' lang='lat' dir='ltr'><strong>nigrae</strong></span> <span class='ocrx_word' id='word_1_141' title='bbox 199 1956 225 1994; x_wconf 85' lang='lat' dir='ltr'><strong>r.</strong></span> <span class='ocrx_word' id='word_1_142' title='bbox 244 1938 358 2009; x_wconf 88' lang='lat' dir='ltr'><strong>propior</strong></span> <span class='ocrx_word' id='word_1_143' title='bbox 377 1936 448 1995; x_wconf 75' lang='lat' dir='ltr'><strong>Get:</strong></span> <span class='ocrx_word' id='word_1_144' title='bbox 467 1937 496 1990; x_wconf 91' lang='lat' dir='ltr'><strong>ni</strong></span> <span class='ocrx_word' id='word_1_145' title='bbox 532 1936 697 1991; x_wconf 77' lang='lat' dir='ltr'><strong>evidentur</strong></span> <span class='ocrx_word' id='word_1_146' title='bbox 710 1936 786 1992; x_wconf 80' lang='lat' dir='ltr'><strong>Ber.</strong></span> <span class='ocrx_word' id='word_1_147' title='bbox 859 1936 932 1993; x_wconf 78' lang='lat' dir='ltr'><strong>ant</strong></span> <span class='ocrx_word' id='word_1_148' title='bbox 950 1937 1016 1995; x_wconf 87' lang='lat' dir='ltr'><strong>ideo</strong></span> <span class='ocrx_word' id='word_1_149' title='bbox 1035 1954 1091 2011; x_wconf 89' lang='lat' dir='ltr'><strong>spe-</strong></span> 
     </span>
     <span class='ocr_line' id='line_1_21' title="bbox 84 2005 1092 2080; baseline 0.005 -19"><span class='ocrx_word' id='word_1_150' title='bbox 84 2008 194 2064; x_wconf 81' lang='lat' dir='ltr'><strong>cialiter</strong></span> <span class='ocrx_word' id='word_1_151' title='bbox 211 2028 238 2080; x_wconf 88' lang='lat' dir='ltr'><strong>p.</strong></span> <span class='ocrx_word' id='word_1_152' title='bbox 258 2011 284 2064; x_wconf 90' lang='lat' dir='ltr'><strong>d.</strong></span> <span class='ocrx_word' id='word_1_153' title='bbox 303 2012 339 2065; x_wconf 81' lang='lat' dir='ltr'><strong>rb</strong></span> <span class='ocrx_word' id='word_1_154' title='bbox 360 2010 406 2079; x_wconf 85' lang='lat' dir='ltr'><strong>(bit</strong></span> <span class='ocrx_word' id='word_1_155' title='bbox 424 2007 525 2078; x_wconf 89' lang='lat' dir='ltr'><strong>spato&#39;</strong></span> <span class='ocrx_word' id='word_1_156' title='bbox 546 2005 714 2077; x_wconf 77' lang='lat' dir='ltr'><strong>purgatione</strong></span> <span class='ocrx_word' id='word_1_157' title='bbox 732 2025 759 2077; x_wconf 88' lang='lat' dir='ltr'><strong>p.</strong></span> <span class='ocrx_word' id='word_1_158' title='bbox 779 2006 806 2062; x_wconf 86' lang='lat' dir='ltr'><strong>d.</strong></span> <span class='ocrx_word' id='word_1_159' title='bbox 828 2006 911 2077; x_wconf 72' lang='lat' dir='ltr'><strong>eet),</strong></span> <span class='ocrx_word' id='word_1_160' title='bbox 934 2008 1092 2080; x_wconf 85' lang='lat' dir='ltr'><strong>Purgantur</strong></span> 
     </span>
     <span class='ocr_line' id='line_1_22' title="bbox 84 2076 1092 2152; baseline 0.001 -19"><span class='ocrx_word' id='word_1_161' title='bbox 84 2080 154 2135; x_wconf 88' lang='lat' dir='ltr'><strong>adeo</strong></span> <span class='ocrx_word' id='word_1_162' title='bbox 172 2080 300 2151; x_wconf 89' lang='lat' dir='ltr'><strong>proprias</strong></span> <span class='ocrx_word' id='word_1_163' title='bbox 318 2077 533 2150; x_wconf 84' lang='lat' dir='ltr'><strong>purgationibus</strong></span> <span class='ocrx_word' id='word_1_164' title='bbox 547 2076 605 2131; x_wconf 88' lang='lat' dir='ltr'><strong>suis</strong></span> <span class='ocrx_word' id='word_1_165' title='bbox 619 2078 654 2132; x_wconf 88' lang='lat' dir='ltr'><strong>B.</strong></span> <span class='ocrx_word' id='word_1_166' title='bbox 727 2083 745 2130; x_wconf 86' lang='lat'>4</span> <span class='ocrx_word' id='word_1_167' title='bbox 758 2094 824 2132; x_wconf 90' lang='lat' dir='ltr'><strong>nam</strong></span> <span class='ocrx_word' id='word_1_168' title='bbox 838 2078 957 2134; x_wconf 82' lang='lat' dir='ltr'><strong>suadeo:</strong></span> <span class='ocrx_word' id='word_1_169' title='bbox 976 2081 1029 2151; x_wconf 69' lang='grc' dir='ltr'><strong>χρὴ</strong></span> <span class='ocrx_word' id='word_1_170' title='bbox 1042 2081 1092 2152; x_wconf 68' lang='grc' dir='ltr'><strong>γὰρ</strong></span> 
     </span>
     <span class='ocr_line' id='line_1_23' title="bbox 83 2147 1092 2222; baseline 0.004 -18"><span class='ocrx_word' id='word_1_171' title='bbox 83 2151 128 2206; x_wconf 85' lang='lat' dir='ltr'><strong>Ps.</strong></span> <span class='ocrx_word' id='word_1_172' title='bbox 150 2152 213 2208; x_wconf 72' lang='lat' dir='ltr'><strong>eat.</strong></span> <span class='ocrx_word' id='word_1_173' title='bbox 229 2168 258 2221; x_wconf 87' lang='lat' dir='ltr'><strong>p.</strong></span> <span class='ocrx_word' id='word_1_174' title='bbox 274 2154 340 2206; x_wconf 83' lang='lat'><strong>326.</strong></span> <span class='ocrx_word' id='word_1_175' title='bbox 394 2148 472 2217; x_wconf 87' lang='lat' dir='ltr'><strong>prius</strong></span> <span class='ocrx_word' id='word_1_176' title='bbox 488 2150 523 2203; x_wconf 81' lang='lat' dir='ltr'><strong>rb</strong></span> <span class='ocrx_word' id='word_1_177' title='bbox 544 2148 615 2203; x_wconf 77' lang='lat' dir='ltr'><strong>Get:</strong></span> <span class='ocrx_word' id='word_1_178' title='bbox 633 2147 762 2218; x_wconf 89' lang='lat' dir='ltr'><strong>proprius</strong></span> <span class='ocrx_word' id='word_1_179' title='bbox 776 2150 812 2204; x_wconf 92' lang='lat' dir='ltr'><strong>B.</strong></span> <span class='ocrx_word' id='word_1_180' title='bbox 868 2152 897 2204; x_wconf 88' lang='lat' dir='ltr'><strong>et</strong></span> <span class='ocrx_word' id='word_1_181' title='bbox 915 2149 1092 2222; x_wconf 77' lang='lat' dir='ltr'><strong>diligentiam</strong></span> 
     </span>
     <span class='ocr_line' id='line_1_24' title="bbox 83 2219 1092 2292; baseline 0.001 -16"><span class='ocrx_word' id='word_1_182' title='bbox 83 2224 164 2278; x_wconf 84' lang='lat' dir='ltr'><strong>Bbr:</strong></span> <span class='ocrx_word' id='word_1_183' title='bbox 184 2219 349 2292; x_wconf 87' lang='lat' dir='ltr'><strong>diligentius</strong></span> <span class='ocrx_word' id='word_1_184' title='bbox 370 2219 427 2274; x_wconf 67' lang='lat' dir='ltr'><strong>eat.</strong></span> <span class='ocrx_word' id='word_1_185' title='bbox 519 2224 609 2287; x_wconf 85' lang='lat' dir='ltr'><strong>5quo</strong></span> <span class='ocrx_word' id='word_1_186' title='bbox 628 2220 675 2274; x_wconf 84' lang='lat' dir='ltr'><strong>br:</strong></span> <span class='ocrx_word' id='word_1_187' title='bbox 695 2219 770 2288; x_wconf 91' lang='lat' dir='ltr'><strong>quod</strong></span> <span class='ocrx_word' id='word_1_188' title='bbox 788 2220 885 2277; x_wconf 71' lang='lat' dir='ltr'><strong>Beer.</strong></span> <span class='ocrx_word' id='word_1_189' title='bbox 976 2221 1092 2279; x_wconf 87' lang='lat' dir='ltr'><strong>ulterius</strong></span> 
     </span>
     <span class='ocr_line' id='line_1_25' title="bbox 82 2288 1091 2416; baseline 0.003 -70"><span class='ocrx_word' id='word_1_190' title='bbox 82 2294 193 2348; x_wconf 71' lang='lat' dir='ltr'><strong>Boot:</strong></span> <span class='ocrx_word' id='word_1_191' title='bbox 216 2309 266 2348; x_wconf 86' lang='lat' dir='ltr'><strong>om.</strong></span> <span class='ocrx_word' id='word_1_192' title='bbox 286 2294 329 2347; x_wconf 82' lang='lat' dir='ltr'><strong>br.</strong></span> <span class='ocrx_word' id='word_1_193' title='bbox 438 2288 589 2359; x_wconf 89' lang='lat' dir='ltr'><strong>pertinat(o</strong></span> <span class='ocrx_word' id='word_1_194' title='bbox 602 2288 658 2416; x_wconf 57' lang='lat' dir='ltr'><strong>gpia</strong></span> <span class='ocrx_word' id='word_1_195' title='bbox 676 2291 724 2358; x_wconf 84' lang='lat' dir='ltr'><strong>br,</strong></span> <span class='ocrx_word' id='word_1_196' title='bbox 747 2290 911 2360; x_wconf 88' lang='lat' dir='ltr'><strong>pestenacia</strong></span> <span class='ocrx_word' id='word_1_197' title='bbox 928 2293 971 2349; x_wconf 88' lang='lat' dir='ltr'><strong>B:</strong></span> <span class='ocrx_word' id='word_1_198' title='bbox 1000 2310 1091 2365; x_wconf 87' lang='lat' dir='ltr'><strong>super·</strong></span> 
     </span>
     <span class='ocr_line' id='line_1_26' title="bbox 81 2360 1092 2421; baseline 0.006 -6"><span class='ocrx_word' id='word_1_199' title='bbox 81 2362 191 2416; x_wconf 86' lang='lat' dir='ltr'><strong>natatio</strong></span> <span class='ocrx_word' id='word_1_200' title='bbox 212 2362 270 2417; x_wconf 78' lang='lat' dir='ltr'><strong>eet</strong></span> <span class='ocrx_word' id='word_1_201' title='bbox 379 2360 549 2415; x_wconf 82' lang='lat' dir='ltr'><strong>thactenus</strong></span> <span class='ocrx_word' id='word_1_202' title='bbox 567 2362 595 2415; x_wconf 92' lang='lat' dir='ltr'><strong><em>B</em></strong></span> <span class='ocrx_word' id='word_1_203' title='bbox 632 2361 677 2415; x_wconf 80' lang='lat' dir='ltr'><strong>et:</strong></span> <span class='ocrx_word' id='word_1_204' title='bbox 697 2377 745 2416; x_wconf 72' lang='lat' dir='ltr'><strong>om.</strong></span> <span class='ocrx_word' id='word_1_205' title='bbox 766 2363 808 2417; x_wconf 85' lang='lat' dir='ltr'><strong>br.</strong></span> <span class='ocrx_word' id='word_1_206' title='bbox 908 2363 1092 2421; x_wconf 77' lang='lat' dir='ltr'><strong>rdavoeecur</strong></span> 
     </span>
     <span class='ocr_line' id='line_1_27' title="bbox 82 2429 1092 2502; baseline 0.005 -14"><span class='ocrx_word' id='word_1_207' title='bbox 82 2434 110 2487; x_wconf 88' lang='lat' dir='ltr'><em>B</em></span> <span class='ocrx_word' id='word_1_208' title='bbox 122 2434 193 2488; x_wconf 60' lang='grc' dir='ltr'><strong>θοις</strong></span> <span class='ocrx_word' id='word_1_209' title='bbox 213 2431 368 2486; x_wconf 81' lang='lat' dir='ltr'><strong>deducatur</strong></span> <span class='ocrx_word' id='word_1_210' title='bbox 386 2433 429 2488; x_wconf 82' lang='lat' dir='ltr'><strong>br.</strong></span> <span class='ocrx_word' id='word_1_211' title='bbox 502 2436 518 2485; x_wconf 92' lang='lat'>8</span> <span class='ocrx_word' id='word_1_212' title='bbox 533 2437 597 2501; x_wconf 79' lang='lat' dir='ltr'><strong>poet</strong></span> <span class='ocrx_word' id='word_1_213' title='bbox 615 2429 732 2502; x_wconf 87' lang='lat' dir='ltr'><strong>(itaque)</strong></span> <span class='ocrx_word' id='word_1_214' title='bbox 747 2431 889 2487; x_wconf 86' lang='lat' dir='ltr'><strong>adiutoria</strong></span> <span class='ocrx_word' id='word_1_215' title='bbox 906 2432 959 2488; x_wconf 85' lang='lat' dir='ltr'><strong>beo</strong></span> <span class='ocrx_word' id='word_1_216' title='bbox 977 2437 1042 2492; x_wconf 79' lang='lat' dir='ltr'><strong>add.</strong></span> <span class='ocrx_word' id='word_1_217' title='bbox 1058 2437 1092 2492; x_wconf 84' lang='lat' dir='ltr'><strong>br</strong></span> 
     </span>
     <span class='ocr_line' id='line_1_28' title="bbox 82 2501 1057 2575; baseline 0.005 -17"><span class='ocrx_word' id='word_1_218' title='bbox 82 2506 148 2570; x_wconf 81' lang='lat' dir='ltr'><strong>(coo</strong></span> <span class='ocrx_word' id='word_1_219' title='bbox 166 2502 280 2573; x_wconf 66' lang='lat' dir='ltr'><strong>Met).</strong></span> <span class='ocrx_word' id='word_1_220' title='bbox 352 2519 439 2558; x_wconf 86' lang='lat' dir='ltr'><strong>causa</strong></span> <span class='ocrx_word' id='word_1_221' title='bbox 456 2502 502 2557; x_wconf 88' lang='lat' dir='ltr'><strong>vei</strong></span> <span class='ocrx_word' id='word_1_222' title='bbox 520 2501 599 2571; x_wconf 90' lang='lat' dir='ltr'><strong>origo</strong></span> <span class='ocrx_word' id='word_1_223' title='bbox 617 2501 646 2555; x_wconf 91' lang='lat' dir='ltr'><em>B</em></span> <span class='ocrx_word' id='word_1_224' title='bbox 658 2501 729 2558; x_wconf 54' lang='lat' dir='ltr'><strong>oeta</strong></span> <span class='ocrx_word' id='word_1_225' title='bbox 749 2519 897 2558; x_wconf 86' lang='lat' dir='ltr'><strong>causarum</strong></span> <span class='ocrx_word' id='word_1_226' title='bbox 915 2504 994 2575; x_wconf 90' lang='lat' dir='ltr'><strong>origo</strong></span> <span class='ocrx_word' id='word_1_227' title='bbox 1014 2509 1057 2563; x_wconf 85' lang='lat' dir='ltr'><strong>br.</strong></span> 
     </span>
     <span class='ocr_line' id='line_1_29' title="bbox 80 2572 1092 2657; baseline 0.005 -30"><span class='ocrx_word' id='word_1_228' title='bbox 80 2572 240 2643; x_wconf 87' lang='lat' dir='ltr'><strong>provenerit</strong></span> <span class='ocrx_word' id='word_1_229' title='bbox 257 2574 375 2630; x_wconf 66' lang='lat' dir='ltr'><strong>roden</strong></span> <span class='ocrx_word' id='word_1_230' title='bbox 394 2574 593 2657; x_wconf 75' lang='lat' dir='ltr'><strong>pro(p)venorit</strong></span> <span class='ocrx_word' id='word_1_231' title='bbox 611 2574 647 2628; x_wconf 88' lang='lat' dir='ltr'><strong>B.</strong></span> <span class='ocrx_word' id='word_1_232' title='bbox 765 2579 781 2627; x_wconf 87' lang='grc'>9</span> <span class='ocrx_word' id='word_1_233' title='bbox 800 2573 889 2644; x_wconf 87' lang='lat' dir='ltr'><strong>capiti</strong></span> <span class='ocrx_word' id='word_1_234' title='bbox 907 2577 983 2645; x_wconf 76' lang='lat' dir='ltr'><strong>(mate</strong></span> <span class='ocrx_word' id='word_1_235' title='bbox 1001 2577 1092 2648; x_wconf 85' lang='lat' dir='ltr'><strong>apoll.)</strong></span> 
     </span>
     <span class='ocr_line' id='line_1_30' title="bbox 80 2643 1091 2715; baseline 0.001 -14"><span class='ocrx_word' id='word_1_236' title='bbox 80 2647 144 2701; x_wconf 82' lang='lat' dir='ltr'><strong>odd.</strong></span> <span class='ocrx_word' id='word_1_237' title='bbox 161 2645 219 2700; x_wconf 73' lang='lat' dir='ltr'><strong>oet.</strong></span> <span class='ocrx_word' id='word_1_238' title='bbox 283 2645 526 2715; x_wconf 77' lang='lat' dir='ltr'><strong>apoflegmatrsmsr</strong></span> <span class='ocrx_word' id='word_1_239' title='bbox 540 2643 675 2712; x_wconf 88' lang='lat' dir='ltr'><strong>(-tioum</strong></span> <span class='ocrx_word' id='word_1_240' title='bbox 688 2649 752 2700; x_wconf 79' lang='lat' dir='ltr'><strong>octe</strong></span> <span class='ocrx_word' id='word_1_241' title='bbox 766 2661 834 2700; x_wconf 77' lang='lat' dir='ltr'><strong>corr.</strong></span> <span class='ocrx_word' id='word_1_242' title='bbox 850 2647 885 2715; x_wconf 86' lang='lat' dir='ltr'><strong>b.)</strong></span> <span class='ocrx_word' id='word_1_243' title='bbox 900 2645 1091 2703; x_wconf 83' lang='lat' dir='ltr'><strong>adhibendum</strong></span> 
     </span>
     <span class='ocr_line' id='line_1_31' title="bbox 80 2714 1091 2790; baseline 0.003 -20"><span class='ocrx_word' id='word_1_244' title='bbox 80 2718 124 2770; x_wconf 87' lang='lat' dir='ltr'><strong>est</strong></span> <span class='ocrx_word' id='word_1_245' title='bbox 141 2715 200 2770; x_wconf 85' lang='lat' dir='ltr'><strong>tale</strong></span> <span class='ocrx_word' id='word_1_246' title='bbox 218 2719 254 2772; x_wconf 81' lang='lat' dir='ltr'><strong>rb</strong></span> <span class='ocrx_word' id='word_1_247' title='bbox 274 2714 517 2786; x_wconf 67' lang='lat' dir='ltr'><strong>(asoaooypame</strong></span> <span class='ocrx_word' id='word_1_248' title='bbox 536 2715 613 2784; x_wconf 71' lang='lat' dir='ltr'><strong>rtet).</strong></span> <span class='ocrx_word' id='word_1_249' title='bbox 694 2714 834 2770; x_wconf 87' lang='lat' dir='ltr'><strong>Piretrum</strong></span> <span class='ocrx_word' id='word_1_250' title='bbox 852 2718 882 2770; x_wconf 88' lang='lat' dir='ltr'><strong>et</strong></span> <span class='ocrx_word' id='word_1_251' title='bbox 900 2717 1091 2790; x_wconf 79' lang='lat' dir='ltr'><strong>staphisagn‘ia</strong></span> 
     </span>
     <span class='ocr_line' id='line_1_32' title="bbox 80 2784 1092 2860; baseline 0.003 -19"><span class='ocrx_word' id='word_1_252' title='bbox 80 2804 144 2841; x_wconf 91' lang='lat' dir='ltr'><strong>oum</strong></span> <span class='ocrx_word' id='word_1_253' title='bbox 161 2803 249 2857; x_wconf 85' lang='lat' dir='ltr'><strong>grano</strong></span> <span class='ocrx_word' id='word_1_254' title='bbox 267 2786 394 2842; x_wconf 85' lang='lat' dir='ltr'><strong>masticis</strong></span> <span class='ocrx_word' id='word_1_255' title='bbox 409 2786 556 2860; x_wconf 74' lang='lat' dir='ltr'><strong>equalibus</strong></span> <span class='ocrx_word' id='word_1_256' title='bbox 570 2803 597 2855; x_wconf 88' lang='lat' dir='ltr'><strong>p.</strong></span> <span class='ocrx_word' id='word_1_257' title='bbox 612 2784 702 2839; x_wconf 84' lang='lat' dir='ltr'><strong>mixta</strong></span> <span class='ocrx_word' id='word_1_258' title='bbox 720 2788 749 2840; x_wconf 89' lang='lat' dir='ltr'><strong>et</strong></span> <span class='ocrx_word' id='word_1_259' title='bbox 772 2789 890 2842; x_wconf 86' lang='lat' dir='ltr'><strong>contusa</strong></span> <span class='ocrx_word' id='word_1_260' title='bbox 904 2787 1092 2845; x_wconf 82' lang='lat' dir='ltr'><strong>adhibeantur</strong></span> 
     </span>
     <span class='ocr_line' id='line_1_33' title="bbox 79 2854 1092 2941; baseline 0.002 -28"><span class='ocrx_word' id='word_1_261' title='bbox 79 2859 115 2918; x_wconf 85' lang='grc' dir='ltr'><strong>Β,</strong></span> <span class='ocrx_word' id='word_1_262' title='bbox 134 2877 161 2941; x_wconf 90' lang='lat' dir='ltr'><strong>p.</strong></span> <span class='ocrx_word' id='word_1_263' title='bbox 181 2860 210 2913; x_wconf 89' lang='lat' dir='ltr'><strong>et</strong></span> <span class='ocrx_word' id='word_1_264' title='bbox 229 2857 362 2928; x_wconf 83' lang='lat' dir='ltr'><strong>staphida</strong></span> <span class='ocrx_word' id='word_1_265' title='bbox 380 2857 490 2930; x_wconf 87' lang='lat' dir='ltr'><strong>agriam</strong></span> <span class='ocrx_word' id='word_1_266' title='bbox 508 2873 572 2911; x_wconf 88' lang='lat' dir='ltr'><strong>oum</strong></span> <span class='ocrx_word' id='word_1_267' title='bbox 589 2854 685 2937; x_wconf 78' lang='lat' dir='ltr'><strong>grapis</strong></span> <span class='ocrx_word' id='word_1_268' title='bbox 704 2856 801 2925; x_wconf 86' lang='lat' dir='ltr'><strong>aequis</strong></span> <span class='ocrx_word' id='word_1_269' title='bbox 819 2876 846 2928; x_wconf 92' lang='lat' dir='ltr'><strong>p.</strong></span> <span class='ocrx_word' id='word_1_270' title='bbox 865 2857 956 2912; x_wconf 86' lang='lat' dir='ltr'><strong>mixta</strong></span> <span class='ocrx_word' id='word_1_271' title='bbox 974 2862 1092 2915; x_wconf 85' lang='lat' dir='ltr'><strong>contusa</strong></span> 
     </span>
     <span class='ocr_line' id='line_1_34' title="bbox 80 2928 1092 2999; baseline 0.004 -17"><span class='ocrx_word' id='word_1_272' title='bbox 80 2929 216 2983; x_wconf 80' lang='lat' dir='ltr'><strong>adhibeas</strong></span> <span class='ocrx_word' id='word_1_273' title='bbox 241 2930 299 2985; x_wconf 80' lang='lat' dir='ltr'><strong>Get.</strong></span> <span class='ocrx_word' id='word_1_274' title='bbox 324 2928 438 2998; x_wconf 88' lang='lat' dir='ltr'><strong>(piretri</strong></span> <span class='ocrx_word' id='word_1_275' title='bbox 460 2931 489 2983; x_wconf 89' lang='lat' dir='ltr'><strong>et</strong></span> <span class='ocrx_word' id='word_1_276' title='bbox 512 2928 669 2999; x_wconf 74' lang='lat' dir='ltr'><strong>stafisagrre</strong></span> <span class='ocrx_word' id='word_1_277' title='bbox 699 2944 818 2998; x_wconf 89' lang='lat' dir='ltr'><strong>granum</strong></span> <span class='ocrx_word' id='word_1_278' title='bbox 846 2928 926 2998; x_wconf 87' lang='lat' dir='ltr'><strong>equis</strong></span> <span class='ocrx_word' id='word_1_279' title='bbox 951 2948 978 2999; x_wconf 92' lang='lat' dir='ltr'><strong>p.</strong></span> <span class='ocrx_word' id='word_1_280' title='bbox 1002 2930 1092 2986; x_wconf 80' lang='lat' dir='ltr'><strong>mixta</strong></span> 
     </span>
     <span class='ocr_line' id='line_1_35' title="bbox 80 2996 1089 3073; baseline 0.004 -20"><span class='ocrx_word' id='word_1_281' title='bbox 80 3002 197 3055; x_wconf 87' lang='lat' dir='ltr'><strong>contusa</strong></span> <span class='ocrx_word' id='word_1_282' title='bbox 216 2999 319 3055; x_wconf 87' lang='lat' dir='ltr'><strong>adhibe</strong></span> <span class='ocrx_word' id='word_1_283' title='bbox 337 3019 354 3056; x_wconf 86' lang='lat' dir='ltr'><strong>r</strong></span> <span class='ocrx_word' id='word_1_284' title='bbox 370 3006 397 3056; x_wconf 83' lang='lat' dir='ltr'><strong>et</strong></span> <span class='ocrx_word' id='word_1_285' title='bbox 413 2998 520 3069; x_wconf 76' lang='lat' dir='ltr'><strong>piretro</strong></span> <span class='ocrx_word' id='word_1_286' title='bbox 535 3042 541 3053; x_wconf 91' lang='lat'><strong>.</strong></span> <span class='ocrx_word' id='word_1_287' title='bbox 557 3041 585 3053; x_wconf 93' lang='lat'><strong>..</strong></span> <span class='ocrx_word' id='word_1_288' title='bbox 606 2996 723 3052; x_wconf 86' lang='lat' dir='ltr'><strong>adhibes</strong></span> <span class='ocrx_word' id='word_1_289' title='bbox 743 3001 776 3067; x_wconf 86' lang='lat' dir='ltr'><strong>b).</strong></span> <span class='ocrx_word' id='word_1_290' title='bbox 851 3005 883 3054; x_wconf 88' lang='lat'><strong>11</strong></span> <span class='ocrx_word' id='word_1_291' title='bbox 898 3002 928 3054; x_wconf 92' lang='lat' dir='ltr'><strong>et</strong></span> <span class='ocrx_word' id='word_1_292' title='bbox 942 2999 1012 3056; x_wconf 81' lang='lat' dir='ltr'><strong>salis</strong></span> <span class='ocrx_word' id='word_1_293' title='bbox 1026 3018 1049 3058; x_wconf 91' lang='lat' dir='ltr'><strong>c.</strong></span> <span class='ocrx_word' id='word_1_294' title='bbox 1062 3020 1089 3073; x_wconf 90' lang='lat' dir='ltr'><strong>p.</strong></span> 
     </span>
     <span class='ocr_line' id='line_1_36' title="bbox 79 3068 1091 3142; baseline 0.004 -17"><span class='ocrx_word' id='word_1_295' title='bbox 79 3071 192 3125; x_wconf 84' lang='lat' dir='ltr'><strong>contriti</strong></span> <span class='ocrx_word' id='word_1_296' title='bbox 211 3069 342 3126; x_wconf 88' lang='lat' dir='ltr'><strong>similiter</strong></span> <span class='ocrx_word' id='word_1_297' title='bbox 355 3073 384 3125; x_wconf 91' lang='lat' dir='ltr'><strong>et</strong></span> <span class='ocrx_word' id='word_1_298' title='bbox 397 3087 461 3125; x_wconf 88' lang='lat' dir='ltr'><strong>oum</strong></span> <span class='ocrx_word' id='word_1_299' title='bbox 476 3068 614 3138; x_wconf 85' lang='lat' dir='ltr'><strong>oxymolIe</strong></span> <span class='ocrx_word' id='word_1_300' title='bbox 631 3068 714 3124; x_wconf 84' lang='lat' dir='ltr'><strong>mixti</strong></span> <span class='ocrx_word' id='word_1_301' title='bbox 733 3068 790 3123; x_wconf 89' lang='lat' dir='ltr'><strong>sint</strong></span> <span class='ocrx_word' id='word_1_302' title='bbox 802 3072 835 3124; x_wconf 89' lang='lat' dir='ltr'><strong>ut</strong></span> <span class='ocrx_word' id='word_1_303' title='bbox 849 3071 875 3126; x_wconf 89' lang='lat' dir='ltr'><strong>d.</strong></span> <span class='ocrx_word' id='word_1_304' title='bbox 889 3073 1042 3127; x_wconf 84' lang='lat' dir='ltr'><strong>teneantur</strong></span> <span class='ocrx_word' id='word_1_305' title='bbox 1054 3075 1091 3142; x_wconf 84' lang='grc' dir='ltr'><strong>Β,</strong></span> 
     </span>
     <span class='ocr_line' id='line_1_37' title="bbox 79 3138 1088 3211; baseline 0.004 -15"><span class='ocrx_word' id='word_1_306' title='bbox 79 3143 129 3196; x_wconf 88' lang='lat' dir='ltr'><strong>aut</strong></span> <span class='ocrx_word' id='word_1_307' title='bbox 152 3141 195 3197; x_wconf 89' lang='lat' dir='ltr'><strong>sal</strong></span> <span class='ocrx_word' id='word_1_308' title='bbox 217 3159 240 3198; x_wconf 88' lang='lat' dir='ltr'><strong>o.</strong></span> <span class='ocrx_word' id='word_1_309' title='bbox 263 3161 290 3211; x_wconf 90' lang='lat' dir='ltr'><strong>p.</strong></span> <span class='ocrx_word' id='word_1_310' title='bbox 315 3140 437 3197; x_wconf 87' lang='lat' dir='ltr'><strong>contrita</strong></span> <span class='ocrx_word' id='word_1_311' title='bbox 464 3138 594 3194; x_wconf 87' lang='lat' dir='ltr'><strong>similiter</strong></span> <span class='ocrx_word' id='word_1_312' title='bbox 617 3142 646 3194; x_wconf 88' lang='lat' dir='ltr'><strong>et</strong></span> <span class='ocrx_word' id='word_1_313' title='bbox 668 3157 690 3194; x_wconf 91' lang='lat' dir='ltr'><strong>o.</strong></span> <span class='ocrx_word' id='word_1_314' title='bbox 717 3139 847 3196; x_wconf 87' lang='lat' dir='ltr'><strong>oximelle</strong></span> <span class='ocrx_word' id='word_1_315' title='bbox 875 3141 966 3197; x_wconf 82' lang='lat' dir='ltr'><strong>mixta</strong></span> <span class='ocrx_word' id='word_1_316' title='bbox 993 3159 1040 3198; x_wconf 89' lang='lat' dir='ltr'><strong>ore</strong></span> <span class='ocrx_word' id='word_1_317' title='bbox 1062 3144 1088 3200; x_wconf 75' lang='lat' dir='ltr'><strong>d.</strong></span> 
     </span>
     <span class='ocr_line' id='line_1_38' title="bbox 77 3210 1091 3282; baseline 0.002 -15"><span class='ocrx_word' id='word_1_318' title='bbox 77 3215 228 3267; x_wconf 87' lang='lat' dir='ltr'><strong>teneantur</strong></span> <span class='ocrx_word' id='word_1_319' title='bbox 252 3214 310 3268; x_wconf 83' lang='lat' dir='ltr'><strong>Get.</strong></span> <span class='ocrx_word' id='word_1_320' title='bbox 340 3211 395 3282; x_wconf 88' lang='lat' dir='ltr'><strong>(sal</strong></span> <span class='ocrx_word' id='word_1_321' title='bbox 422 3229 485 3266; x_wconf 85' lang='lat' dir='ltr'><strong>oum</strong></span> <span class='ocrx_word' id='word_1_322' title='bbox 510 3210 603 3282; x_wconf 89' lang='lat' dir='ltr'><strong>poleio</strong></span> <span class='ocrx_word' id='word_1_323' title='bbox 632 3210 783 3266; x_wconf 86' lang='lat' dir='ltr'><strong>contritum</strong></span> <span class='ocrx_word' id='word_1_324' title='bbox 811 3214 839 3266; x_wconf 91' lang='lat' dir='ltr'><strong>et</strong></span> <span class='ocrx_word' id='word_1_325' title='bbox 867 3229 930 3267; x_wconf 89' lang='lat' dir='ltr'><strong>oum</strong></span> <span class='ocrx_word' id='word_1_326' title='bbox 958 3213 1091 3269; x_wconf 86' lang='lat' dir='ltr'><strong>oximelle</strong></span> 
     </span>
     <span class='ocr_line' id='line_1_39' title="bbox 77 3281 1052 3355; baseline 0.005 -18"><span class='ocrx_word' id='word_1_327' title='bbox 77 3284 196 3339; x_wconf 82' lang='lat' dir='ltr'><strong>mixtum</strong></span> <span class='ocrx_word' id='word_1_328' title='bbox 215 3299 261 3338; x_wconf 89' lang='lat' dir='ltr'><strong>ore</strong></span> <span class='ocrx_word' id='word_1_329' title='bbox 280 3283 307 3339; x_wconf 91' lang='lat' dir='ltr'><strong>d.</strong></span> <span class='ocrx_word' id='word_1_330' title='bbox 326 3285 457 3338; x_wconf 85' lang='lat' dir='ltr'><strong>teneatur</strong></span> <span class='ocrx_word' id='word_1_331' title='bbox 474 3284 528 3352; x_wconf 84' lang='lat' dir='ltr'><strong>rb).</strong></span> <span class='ocrx_word' id='word_1_332' title='bbox 628 3281 722 3352; x_wconf 84' lang='lat' dir='ltr'><strong>sinapi</strong></span> <span class='ocrx_word' id='word_1_333' title='bbox 740 3283 839 3338; x_wconf 81' lang='lat' dir='ltr'><strong>addidi</strong></span> <span class='ocrx_word' id='word_1_334' title='bbox 856 3300 891 3339; x_wconf 77' lang='lat' dir='ltr'><strong>en</strong></span> <span class='ocrx_word' id='word_1_335' title='bbox 907 3302 948 3355; x_wconf 78' lang='lat' dir='ltr'><strong>pr.</strong></span> <span class='ocrx_word' id='word_1_336' title='bbox 967 3290 1052 3342; x_wconf 62' lang='lat' dir='ltr'><strong>natae</strong></span> 
     </span>
     <span class='ocr_line' id='line_1_40' title="bbox 77 3353 1088 3424; baseline 0.003 -15"><span class='ocrx_word' id='word_1_337' title='bbox 77 3355 211 3424; x_wconf 89' lang='lat' dir='ltr'><strong>quoniam</strong></span> <span class='ocrx_word' id='word_1_338' title='bbox 228 3354 339 3410; x_wconf 67' lang='lat' dir='ltr'><strong>Met:</strong></span> <span class='ocrx_word' id='word_1_339' title='bbox 358 3353 425 3424; x_wconf 87' lang='lat' dir='ltr'><strong>quia</strong></span> <span class='ocrx_word' id='word_1_340' title='bbox 443 3355 486 3410; x_wconf 83' lang='lat' dir='ltr'><strong>br.</strong></span> <span class='ocrx_word' id='word_1_341' title='bbox 628 3358 660 3407; x_wconf 83' lang='lat'><strong>13</strong></span> <span class='ocrx_word' id='word_1_342' title='bbox 680 3353 896 3423; x_wconf 83' lang='lat' dir='ltr'><strong>purgationibus</strong></span> <span class='ocrx_word' id='word_1_343' title='bbox 915 3354 1024 3423; x_wconf 75' lang='lat' dir='ltr'><strong>(-nib‘³</strong></span> <span class='ocrx_word' id='word_1_344' title='bbox 1052 3358 1088 3412; x_wconf 89' lang='lat' dir='ltr'><strong>B.</strong></span> 
     </span>
     <span class='ocr_line' id='line_1_41' title="bbox 78 3425 1088 3553; baseline 0.002 -73"><span class='ocrx_word' id='word_1_345' title='bbox 78 3432 111 3480; x_wconf 88' lang='lat'><strong>14</strong></span> <span class='ocrx_word' id='word_1_346' title='bbox 130 3426 206 3550; x_wconf 71' lang='lat' dir='ltr'><strong>qugd</strong></span> <span class='ocrx_word' id='word_1_347' title='bbox 223 3425 260 3509; x_wconf 44' lang='lat' dir='ltr'><strong>in·</strong></span> <span class='ocrx_word' id='word_1_348' title='bbox 272 3440 420 3553; x_wconf 58' lang='lat' dir='ltr'><strong>cognomrzme</strong></span> <span class='ocrx_word' id='word_1_349' title='bbox 436 3426 464 3480; x_wconf 93' lang='lat' dir='ltr'><em>B</em></span> <span class='ocrx_word' id='word_1_350' title='bbox 474 3425 544 3549; x_wconf 53' lang='lat' dir='ltr'><strong>plici:</strong></span> <span class='ocrx_word' id='word_1_351' title='bbox 564 3440 708 3550; x_wconf 58' lang='lat' dir='ltr'><strong>corpmaurrge</strong></span> <span class='ocrx_word' id='word_1_352' title='bbox 715 3427 755 3550; x_wconf 61' lang='lat' dir='ltr'><strong>lagi</strong></span> <span class='ocrx_word' id='word_1_353' title='bbox 769 3426 812 3480; x_wconf 84' lang='lat' dir='ltr'><strong>br.</strong></span> <span class='ocrx_word' id='word_1_354' title='bbox 869 3430 903 3479; x_wconf 76' lang='lat'><strong>15</strong></span> <span class='ocrx_word' id='word_1_355' title='bbox 917 3440 973 3495; x_wconf 87' lang='lat' dir='ltr'><strong>quo</strong></span> <span class='ocrx_word' id='word_1_356' title='bbox 983 3428 1012 3496; x_wconf 85' lang='lat' dir='ltr'><strong>(q</strong></span> <span class='ocrx_word' id='word_1_357' title='bbox 1040 3428 1088 3497; x_wconf 83' lang='lat' dir='ltr'><strong>rb)</strong></span> 
     </span>
     <span class='ocr_line' id='line_1_42' title="bbox 76 3512 751 3565; baseline -0.004 -13"><span class='ocrx_word' id='word_1_358' title='bbox 76 3514 295 3553; x_wconf 82' lang='lat' dir='ltr'><strong>...reovarrr</strong></span> <span class='ocrx_word' id='word_1_359' title='bbox 353 3514 472 3565; x_wconf 83' lang='lat' dir='ltr'><strong>e.:quo</strong></span> <span class='ocrx_word' id='word_1_360' title='bbox 509 3512 649 3551; x_wconf 91' lang='lat' dir='ltr'><strong>...reev</strong></span> <span class='ocrx_word' id='word_1_361' title='bbox 746 3540 751 3549; x_wconf 95' lang='lat'><strong>.</strong></span> 
     </span>
    </p>
   </div>
   <div class='ocr_carea' id='block_1_4' title="bbox 0 0 1148 3878">
    <p class='ocr_par' dir='ltr' id='par_1_4' title="bbox 0 0 1148 3878">
     <span class='ocr_line' id='line_1_43' title="bbox 0 0 1148 3878; baseline 0 4"><span class='ocrx_word' id='word_1_362' title='bbox 0 0 1148 3878; x_wconf 95' lang='lat' dir='ltr'><strong> </strong></span> 
     </span>
    </p>
   </div>
  </div>
 </body>
</html>
