2288 3878
65 142 133 207 406
399 116 753 197 rsauno-rnaon'onr

66 301 128 355 tini.
149 300 284 354 virtutem
302 299 410 355 babent
428 297 562 369 frigidam
579 300 610 353 et
632 297 758 371 siccam,
784 302 910 362 faciunt
933 307 974 363 ad
994 305 1088 363 femoris

67 377 310 453 saturationem,
339 377 449 432 faciunt
476 378 514 433 ad
536 377 745 449 dysentericus,
778 382 809 437 si
837 388 978 443 ventrem
1003 384 1104 442 defom.

68 475 218 512 cumscrrs.

31 544 48 591 t
138 536 267 590 Bulbus
295 536 325 589 in
357 535 529 591 comedendo
558 534 681 604 frigidus
710 541 772 608 est,
810 544 844 599 et
872 544 953 601 facit
983 560 1088 600 umorem

68 619 188 688 spissum
213 620 242 671 et
263 615 411 671 viscidum.
436 632 504 670 nam
525 619 556 670 et
577 614 739 685 indigestus
765 622 816 676 est
840 624 875 679 et
900 626 1111 681 ventositatem

68 698 145 753 fucit.
164 698 217 751 hoc
232 695 333 764 solum,
348 695 385 748 ad
400 711 481 748 usum
495 694 613 764 veneris,
627 695 755 765 prodeat
777 698 807 753 ei
822 700 893 771 quis
908 720 982 761 vero
995 703 1088 759 deferas

68 778 110 831 uti
130 775 258 843 voluerit,
278 778 308 829 et
326 772 448 843 extergit
467 777 496 828 et
514 773 609 828 siccat.

32 864 47 911 ³
138 856 268 910 Blitum
294 853 428 908 virtutem
451 853 539 909 habet
565 851 702 923 frigidam
724 857 756 909 et
786 863 954 921 umectam
984 863 1089 931 denique

67 939 99 988 ct
120 935 161 988 ad
180 932 353 988 tertianas
372 932 460 986 facit
478 932 605 1002 optime
624 931 653 986 si
671 938 877 994 comestum
896 941 1019 999 fuerit.

31 1020 48 1067 4
138 1014 261 1082 Bryon,
285 1012 362 1080 quod
380 1011 528 1081 appellant
546 1011 717 1081 sphagnum,
743 1012 906 1074 invenitur
930 1025 984 1078 aut
1006 1021 1037 1077 in
1055 1035 1113 1075 rore

67 1095 134 1148 bore
154 1098 204 1148 aut
222 1094 251 1147 in
269 1092 383 1163 populis
397 1091 479 1147 albis.
499 1096 528 1147 et
545 1090 669 1146 mediam
682 1089 827 1149 virtutem
840 1096 950 1170 habet,
967 1105 999 1157 et
1011 1101 1089 1172 magis

67 1172 155 1226 siccat
173 1189 258 1240 quam
277 1170 416 1226 calefacit.

32 1258 48 1304 ὁ
139 1250 312 1305 Bdellium
332 1250 467 1305 virtutem
491 1250 613 1304 calidam
635 1248 772 1305 habetet
797 1255 1005 1318 melaetieam„
1029 1264 1091 1316 stru

65 1348 140 1383 mam
164 1328 288 1398 gutturis
313 1332 394 1383 curat
412 1332 442 1384 et
461 1329 648 1399 digestionem
675 1330 882 1404 ventositatis,
915 1342 949 1394 et
973 1341 1091 1396 dolorem

66 1408 163 1462 lateris
184 1408 272 1461 sedat.
1100 1428 1116 1470 15

31 1495 46 1542 6
136 1487 300 1553 Butyrum
322 1486 446 1541 calidam
468 1487 603 1542 virtutem
625 1486 725 1557 habet,
753 1492 783 1544 et
808 1492 962 1568 dispergit
985 1517 1090 1556 umores

65 1566 175 1621 aurium
184 1564 230 1619 vel
244 1563 400 1635 inguinum,
416 1567 480 1622 oris.
496 1567 617 1635 denique
631 1566 788 1623 infantibus
800 1571 1013 1635 dentientibus
1027 1579 1090 1636 utile

65 1649 117 1715 est,
137 1646 161 1699 si
179 1645 340 1712 frequenter
358 1645 489 1715 gingivas
509 1646 610 1701 leviter
629 1645 823 1704 adfricaveris.

31 1730 45 1780 7
137 1723 356 1782 Calamintha
373 1724 508 1780 virtutem
526 1726 614 1782 habet
636 1724 760 1780 calidam
778 1730 809 1781 et
828 1729 943 1788 siccam
963 1737 1088 1792 nimium

64 1809 94 1861 et
113 1807 137 1861 si
160 1806 223 1875 quis
247 1807 327 1859 cocta
350 1822 425 1873 aqua
443 1807 562 1877 biberit,
587 1805 719 1863 calefacit
742 1809 772 1861 et
795 1809 919 1867 sudores
944 1820 1117 1885 provocata

64 1885 170 1941 idcirco
189 1885 259 1941 facit
283 1886 372 1941 etad
395 1885 532 1955 frigorum
554 1890 666 1957 typum,
690 1885 715 1939 si
738 1885 802 1954 quis
826 1888 954 1948 herbam
979 1895 1014 1951 in
1033 1897 1089 1952 oleo

65 1966 172 2020 coxerit
190 1968 220 2020 et
238 1965 358 2020 unxerit.

30 2057 45 2104 8
137 2053 318 2109 Cannabis.
349 2070 445 2109 semen
467 2053 527 2108 eius
551 2053 639 2108 siccat
661 2055 691 2108 et
713 2053 922 2111 ventositatem
947 2060 1089 2133 dispergit

63 2133 93 2186 in
113 2137 223 2188 tantum
242 2138 275 2187 ut
293 2133 317 2186 si
337 2133 406 2225 satis
426 2136 580 2188 comestum
598 2131 695 2201 fuerit,
715 2131 826 2187 veneris
846 2152 933 2191 usum
953 2142 1081 2197 exsiccet

229 2253 278 2261 ...-

137 2325 169 2373 10
194 2319 288 2373 Simon
313 2333 333 2372 a.
357 2317 451 2372 Brion.
476 2317 639 2384 Theodorus
667 2317 828 2373 Priscianus
852 2319 930 2375 libro
958 2322 997 2379 de
1023 2327 1117 2381 sim-²⁵

62 2387 131 2510 pibc'i
150 2388 291 2512 mteodicm
309 2391 427 2442 vocatur
444 2388 538 2455 inquit
557 2390 674 2458 stagnus
693 2390 724 2443 in
743 2390 902 2457 quercubus
918 2395 950 2447 et
968 2397 1085 2466 populis

65 2473 82 2510 a
116 2476 139 2510 rs
159 2474 174 2511 e
206 2501 211 2512 .

136 2658 150 2704 1
170 2650 304 2705 femorem
317 2649 517 2704 substrictione
534 2650 567 2704 G.
613 2649 838 2705 fdissintericos
855 2653 881 2707 G
897 2656 943 2719 (ut
955 2664 1083 2728 semper).

63 2722 140 2778 4De
159 2721 254 2776 bulbo.
274 2718 380 2773 Bulbos
399 2720 431 2775 G.
505 2720 540 2774 fri
563 2719 610 2773 ’dir
632 2720 664 2775 G.
739 2721 827 2776 eboc
847 2723 909 2777 solii
925 2767 932 2780 .
948 2765 955 2778 .
972 2768 978 2781 .
993 2730 1084 2796 prode

65 2797 109 2848 est
121 2794 154 2849 G.
192 2792 303 2847 deforas
316 2792 378 2858 (sic)
391 2791 425 2845 G.
463 2791 536 2847 8De
569 2790 660 2845 litum.
675 2791 768 2845 Blitus
779 2791 812 2846 G.
851 2797 967 2850 umecta
982 2802 1037 2854 est.
1050 2800 1083 2855 G.

66 2865 206 2921 eobtime
228 2864 260 2920 G.
315 2865 455 2916 comestus
476 2863 508 2918 G.
565 2868 598 2916 10
616 2861 658 2916 De
676 2861 766 2916 brion.
786 2861 873 2916 Brion
893 2864 926 2918 G.
1004 2869 1084 2939 apel.

64 2935 127 2992 lant
145 2937 294 3007 splagnum
314 2936 359 3003 (ct.
379 2932 456 2988 Plie.
471 2938 516 3001 12,
536 2937 598 2989 108.
616 2937 661 3000 24,
677 2937 726 3001 27)
749 2932 781 2987 G.
881 2933 912 2986 in
925 2936 1012 2992 robes
1033 2942 1084 2995 aut

64 3006 95 3059 in
113 3009 214 3078 puplos
235 3012 395 3075 (defecere.
414 3003 622 3075 plupes)albos
643 3004 676 3059 G.
750 3008 781 3057 11
801 3005 943 3058 vertutem
963 3006 1035 3064 abet
1049 3011 1083 3067 G.

66 3083 99 3130 12
119 3085 173 3145 que
194 3079 227 3134 G.
300 3083 333 3132 13
352 3076 393 3131 De
412 3075 572 3132 Bidellium.
592 3074 729 3130 Bidellius
750 3073 782 3129 G.
856 3073 1026 3134 malaticam
1047 3081 1081 3136 G.

65 3152 100 3200 14
120 3151 149 3202 et
168 3148 356 3217 digestionem
374 3149 403 3202 et
420 3147 608 3203 ventositates
629 3146 662 3202 G.
751 3151 785 3200 1o
803 3143 844 3198 De
863 3144 1002 3202 Butirum.
1024 3150 1082 3205 Bu·

62 3217 150 3271 tirum
170 3218 203 3273 G.
276 3235 385 3274 umores
407 3221 468 3287 (sic)
491 3219 524 3274 G.
598 3223 631 3271 17
649 3214 725 3270 horis
743 3214 776 3269 G.
832 3219 866 3268 19
886 3214 1029 3273 Calamite
1047 3222 1080 3277 G.

64 3294 98 3343 21
118 3289 155 3343 ad
174 3288 308 3359 frigorem
325 3290 417 3360 tipum
433 3290 552 3361 Glnedc
569 3289 605 3344 τὰ
622 3285 695 3342 κατὰ
712 3281 846 3352 περίοδον
862 3281 929 3365 ῥίνη
945 3287 1022 3355 Gal,
1042 3292 1082 3346 ad

64 3360 222 3431 periodicas
241 3359 333 3416 febres
355 3361 447 3430 Oete).
503 3361 600 3415 erbam
620 3359 652 3414 G.
708 3360 741 3409 tt
755 3357 884 3408 unoxent
899 3356 932 3410 G.
986 3363 1021 3412 28
1037 3360 1095 3416 De·

66 3434 202 3489 cannabo.
222 3429 371 3487 cannabus
393 3431 425 3487 G.
499 3431 572 3486 sicce
591 3429 614 3485 le
631 3427 706 3482 vent.
723 3425 756 3480 G.
829 3429 864 3477 24
878 3429 1020 3482 comestus
1044 3433 1079 3488 G.

66 3505 215 3579 ex[o]iccat
226 3503 259 3559 G.
