2288 3878
75 149 140 214 302
407 147 760 219 renunc-ramma(

75 307 289 362 inducendas
313 309 342 361 et
365 306 556 362 concavitates
579 305 737 374 replendas.
769 307 909 360 testamm
933 309 1094 361 ostrearum

74 387 285 442 combustarum
303 399 339 446 ÷
357 387 409 455 ΙΠ,
437 386 528 440 libani
546 399 582 447 ÷
599 385 633 440 IL
661 387 721 439 tere
747 384 891 440 subtiliter
913 388 944 441 et
967 385 1090 456 impone.

74 461 157 521 item
171 466 493 536 emplastrumquod
507 464 770 520 facitadomnes
782 464 918 535 plagas,
933 466 972 520 ad
981 469 1090 536 pectus,

75 547 112 600 ad
131 562 199 616 epar
216 549 246 600 et
265 545 302 599 ad
321 545 454 614 splenem,
472 545 595 600 maxime
613 544 651 600 ad
665 561 696 600 os
710 543 832 600 fractum
850 544 1009 600 certissime
1027 562 1090 615 pro·

50 627 176 681 ebatum
203 627 254 679 est.
288 623 389 694 recipit
416 623 492 679 01000
519 624 651 679 mastices
679 641 790 680 murrae
819 624 912 679 libani
935 670 941 681 .
964 670 970 682 .
991 670 996 681 .
1016 625 1090 681 anri·

74 706 213 777 pigmenti
226 705 351 775 pulveris
368 704 437 758 nitri
451 704 563 774 antiqui
577 721 632 758 ana
645 717 682 763 ÷
694 703 756 774 IIII,
775 720 856 759 cerae
874 707 904 759 et
921 704 995 774 picis
1014 704 1090 774 quod

75 786 186 841 sufficit.
218 801 292 855 pone
315 785 353 838 ad
376 783 536 838 lumborum
555 783 693 851 dolorem,
716 800 815 838 renum
831 800 984 838 nervorum
1002 784 1089 853 poda

74 882 142 936 grae
164 863 209 918 ilii
232 870 261 919 et
288 865 325 918 ad
353 880 448 918 omnes
481 863 592 918 dolores
620 863 752 932 corporis.
785 863 868 918 item
896 864 938 918 ad
967 880 1087 918 carnes

73 945 265 1015 iungendas
284 943 410 997 subito.
437 942 539 1012 recipit
556 943 628 1013 picis
648 943 683 997 de
696 960 770 998 nave
789 943 952 1014 [chalastici
972 944 1086 1012 quidem

35 1041 61 1078 io
74 1024 207 1094 confecti]
221 1037 257 1082 ÷
270 1023 331 1090 ΙΠΙ,
356 1022 488 1076 mastices
507 1022 639 1076 aluminis
658 1023 741 1092 gypsi
760 1022 833 1078 cocti
848 1040 903 1077 ana
922 1024 998 1092 ÷1‚
1017 1024 1087 1078 turis

73 1120 184 1158 murrae
202 1103 279 1157 aloes
298 1101 479 1171 tragacanthi
498 1102 601 1155 cummi
620 1101 694 1156 fellis
718 1102 825 1156 taurini
850 1103 1022 1158 ammoniaci
1040 1121 1087 1173 pe·

73 1187 134 1237 trae
153 1182 277 1237 focariae
295 1181 355 1236 boli
373 1197 429 1234 ana
446 1193 482 1239 ÷
500 1180 537 1250 ll,
556 1181 639 1250 gypsi
657 1181 716 1235 vivi
727 1182 819 1250 VIIII,
837 1182 977 1237 vermium
995 1185 1087 1236 terrae

74 1267 210 1331 quantum
225 1263 336 1330 sufficit,
352 1260 523 1331 anagallidis
532 1260 646 1329 ÷V111‚
657 1261 803 1331 sanguinis
816 1261 939 1316 hominis
952 1262 1085 1331 libraml,

73 1342 190 1411 galbani
208 1356 244 1402 ÷
257 1342 304 1396 III.
323 1341 428 1410 pellem
445 1339 571 1394 vervecis
590 1340 742 1409 spoliatam
759 1340 818 1411 pilo
838 1357 927 1409 coque
945 1344 979 1396 ut
996 1342 1085 1410 lique·

34 1436 60 1474 rs
73 1421 131 1475 fiat.
160 1423 259 1490 postea
278 1437 366 1488 coque
384 1420 415 1473 in
428 1419 519 1473 vicem
537 1419 568 1471 in
587 1418 653 1487 olla,
672 1420 806 1475 abstrahe
825 1422 862 1475 ab
875 1421 943 1491 igne
960 1425 990 1477 et
1003 1422 1085 1475 mitte

73 1500 165 1570 ipsam
193 1516 296 1567 aquam
324 1499 354 1553 in
382 1499 476 1567 ollam,
504 1498 618 1567 claude,
644 1500 746 1554 deinde
774 1501 886 1570 cooperi
914 1518 978 1571 vas,
1004 1502 1085 1556 mitte

73 1583 211 1650 quantum
233 1579 308 1632 inter
330 1577 545 1633 conventionem
566 1579 691 1647 positum
714 1579 807 1634 firerit.
836 1579 889 1634 hoc
908 1580 1085 1635 medicamen

73 1660 97 1714 si
116 1660 146 1713 in
165 1658 253 1713 oculis
272 1659 397 1727 positum
415 1657 508 1727 aierit,
530 1658 629 1712 statim
646 1658 799 1728 iungentur
816 1659 980 1730 palpebrae,
1000 1661 1025 1714 si
1043 1660 1084 1713 in·

73 1739 138 1794 cisis
157 1738 303 1808 membris,
322 1737 409 1794 tertia
428 1737 474 1792 die
493 1740 584 1806 sanat,
603 1737 786 1811 (cicatricis)
804 1738 914 1793 nullum
930 1740 1084 1810 vestigium

33 1819 259 1890 recognoscitur.
279 1819 361 1873 item
380 1834 491 1888 ungue
511 1818 553 1871 ad
575 1817 720 1887 plagam
749 1817 819 1887 mel,
838 1817 964 1887 piculam
982 1836 1085 1888 aequa-

72 1900 146 1970 liter,
165 1903 195 1954 et
212 1899 251 1954 fel
270 1901 299 1953 et
318 1898 353 1952 de
371 1897 464 1951 farina
482 1896 606 1952 volatica
624 1914 725 1966 parum
743 1900 772 1951 et
790 1901 908 1953 acetum.
937 1898 1017 1952 mina
1030 1898 1084 1952 for-

72 1979 140 2034 titer
167 1983 197 2034 et
228 1979 348 2049 impone.
382 1977 464 2031 item
497 1976 617 2031 salviam
649 1976 810 2032 silvaticam
834 1981 864 2032 et
892 1978 1084 2047 domesticam,

72 2059 189 2114 herbam
203 2058 362 2126 dolarento,
382 2056 580 2126 gallicentrum
595 2057 623 2109 et
637 2056 758 2111 urticam
772 2060 801 2111 et
814 2057 1002 2114 millefolium.
1023 2076 1085 2113 cum

73 2155 139 2193 suco
161 2138 286 2193 omnium
304 2137 405 2190 horum
422 2135 505 2189 mitte
529 2133 656 2203 sagimen
678 2135 792 2190 frictum
810 2154 903 2191 ceram
922 2141 951 2192 et
969 2139 1039 2208 mel,
1058 2140 1086 2192 et

32 2230 58 2267 25
72 2217 117 2272 fao
132 2218 234 2273 bullire
248 2217 372 2284 insimul,
392 2219 421 2270 et
434 2214 554 2284 impone.
574 2218 784 2283 unguentum
798 2219 835 2269 ut
853 2214 1003 2270 cicatrix
1022 2235 1085 2272 non

72 2300 249 2368 appareat.
279 2313 376 2351 sevum
394 2294 541 2365 porcinum
558 2292 625 2347 lava
643 2293 674 2347 in
691 2311 793 2350 novem
806 2295 887 2363 aquis
907 2299 936 2350 et
955 2297 1037 2352 mitte
1055 2297 1085 2350 in

71 2392 139 2429 vase
157 2392 241 2444 super
259 2375 403 2442 carbones,
422 2376 451 2427 et
470 2389 553 2441 super
570 2372 666 2426 mittes
686 2391 766 2429 cerae
785 2391 885 2444 parum
903 2377 932 2429 et
951 2375 1021 2449 olei,
1039 2377 1084 2430 fac

71 2452 178 2508 fervere
202 2453 298 2522 simul,
326 2455 426 2521 postea
454 2451 516 2505 cola
542 2453 571 2505 et
593 2452 716 2524 adiunge
739 2454 867 2509 libanum
893 2456 1033 2510 masticen
1056 2460 1084 2511 et

70 2531 203 2600 piculam,
222 2535 252 2586 et
269 2531 314 2585 fac
332 2547 432 2600 parum
449 2530 552 2585 bullire
573 2531 603 2583 in
623 2532 687 2603 olla,
707 2537 807 2603 postea
820 2534 905 2590 tolles
919 2536 956 2590 ab
975 2535 1041 2606 igne
1056 2539 1084 2590 et

144 2785 157 2831 1
178 2780 266 2832 testas
282 2795 306 2833 0.
322 2777 483 2833 combustas
498 2781 521 2834 b.
614 2784 670 2848 511
686 2783 745 2849 (bic
754 2783 887 2852 primam)
899 2784 922 2838 b.
1014 2782 1084 2837 Aloe

71 2873 149 2939 aaa
170 2884 256 2940 aare
285 2884 395 2940 Libani.
424 2870 526 2942 tmenu
549 2886 619 2956 (aon
636 2887 793 2961 wemeat).
813 2888 884 2943 Auri
906 2906 933 2958 p.
953 2890 976 2944 e.

71 2973 154 3042 eylii
169 2976 191 3029 b.
287 2976 386 3035 aab.
482 2974 611 3030 calastioi
631 2957 649 3047 ξ
669 2976 790 3031 confecti
810 2978 873 3045 (aio)
892 2978 908 3032 b
928 2978 974 3044 (of.
989 2977 1083 3033 Diosc.

71 3051 97 3112 1,
112 3048 169 3113 98).
189 3044 268 3100 0012·
325 3050 358 3098 10
378 3045 504 3115 Gipsiaci
522 3049 545 3103 b.
620 3053 651 3101 11
673 3047 804 3116 draganti
824 3050 847 3102 b.
904 3047 1041 3103 (lamisio
1060 3050 1084 3104 b.

73 3155 105 3203 13
120 3149 274 3219 anagallioi
291 3153 352 3221 (sic)
368 3154 392 3207 b.
442 3131 615 3222 11011οᾇ0.
672 3158 705 3207 15
719 3153 793 3207 ivice
806 3155 879 3209 sicb.
936 3159 968 3207 16
984 3153 1084 3208 claude

70 3261 101 3310 11‘1
119 3235 201 3326 cbopi
219 3274 269 3310 vas
288 3260 312 3313 b.
369 3264 402 3314 19
417 3259 571 3315 cicatricis:
591 3259 616 3313 si
629 3259 757 3313 nixculsa
773 3261 834 3327 (sic)
850 3261 873 3315 b.
928 3265 961 3314 20
979 3260 1101 3330 pegula·

71 3329 194 3398 bliefra
211 3327 353 3399 piculam).
438 3336 471 3383 21
488 3333 569 3403 aceto
589 3332 611 3385 b.
683 3329 761 3383 mina
778 3332 818 3385 sic
837 3332 860 3385 b.
951 3336 986 3385 23
1006 3331 1084 3386 dola·

70 3439 163 3491 vento.
187 3405 397 3505 gallinariam)
414 3437 437 3491 e.
493 3441 527 3490 aa
546 3441 605 3504 ung
623 3438 646 3493 0.
703 3441 736 3489 re
754 3413 931 3505 011000.
982 3441 1017 3490 se
1033 3436 1085 3490 011-

63 3507 170 3564 banum
187 3506 288 3579 00101.
309 3504 443 3577 olibano).
