2288 3878
445 164 714 215 ADDITAMENTA.
1021 161 1084 226 331

170 375 218 429 Aa
236 375 273 429 id.
293 374 335 441 Π,
355 377 389 427 31
409 375 475 442 (102
489 380 552 442 post
570 375 664 427 cetera
684 373 789 427 similia
808 374 989 445 supradicta).

144 471 227 526 huius
260 488 326 526 vero
357 470 471 525 trocisci
502 488 604 527 nomen
638 471 787 526 diachartu
814 475 932 526 vocatur
958 475 987 526 et
1015 473 1086 526 cinis

72 569 198 622 graecus.
228 551 379 621 axungiam
399 551 459 605 sine
479 552 538 605 sale
556 551 587 604 in
604 551 713 621 patella
730 569 805 606 nova
823 551 956 620 liquidas,
976 555 1005 606 et
1023 569 1087 605 cum

75 633 167 686 cinere
186 631 382 700 informantes,
406 630 448 685 ita
471 635 503 686 ut
527 631 565 685 sit
582 631 735 700 liquidum,
759 631 870 685 inducis
889 649 982 700 panno
1002 633 1031 686 et
1049 632 1087 684 ad

73 715 199 767 ventrem
218 711 348 782 imponis,
367 714 397 765 et
414 714 480 779 post
497 711 623 765 triduum
640 711 755 766 sanasti.
779 712 866 765 taeda
881 712 915 765 de
934 711 1001 780 pino
1020 711 1086 780 igne
1101 723 1113 764 5

72 793 200 861 perusta,
229 791 314 845 carbo
337 789 422 844 tritus
445 790 634 846 minutissime
657 809 721 845 cum
743 790 822 859 vin0‚
847 791 937 860 cyatis
956 792 982 844 H
1005 790 1086 859 potui

73 873 155 938 dato,
181 870 266 925 valde
291 869 448 924 miraberis.
481 873 570 925 testas
594 889 710 926 ovorum
735 872 809 925 unde
832 870 904 939 pulli
927 870 988 924 nati
1021 873 1087 923 sunt

72 950 156 1004 tritas
174 949 362 1004 minutissime
380 948 411 1002 in
430 966 483 1005 ovo
501 950 604 1006 sorbile
619 969 683 1005 cum
702 951 760 1005 sale
780 968 907 1006 seucum
920 950 986 1003 vino
1005 949 1086 1018 potui

74 1031 155 1097 dato,
174 1031 326 1099 probatum
349 1032 400 1083 est.
429 1029 583 1084 columbini
603 1030 704 1104 (fimi)
724 1030 792 1084 sicci
815 1029 878 1084 triti
900 1032 995 1099 partes
1015 1029 1085 1082 duas

72 1109 103 1162 in
120 1109 265 1179 pulverem
287 1109 397 1163 redacti
416 1112 445 1163 et
462 1110 555 1163 mellis
578 1113 689 1179 partem
707 1127 793 1163 unam
816 1110 978 1163 commisces
997 1111 1029 1161 ut
1048 1107 1086 1161 sit
1101 1121 1126 1160 10

73 1189 254 1258 malagmatis
269 1207 366 1258 genus,
385 1188 474 1243 linteo
488 1189 599 1242 inducis
615 1192 644 1242 et
657 1188 788 1257 imponis,
802 1207 889 1242 unum
904 1189 941 1242 ad
959 1190 1087 1242 ventrem

73 1273 102 1322 et
120 1286 207 1321 unum
225 1270 262 1322 ad
276 1285 369 1336 renes,
392 1269 544 1338 probatum
563 1271 613 1323 est.
640 1268 709 1322 item
731 1268 873 1322 verrinum
897 1268 994 1320 fimum
1012 1265 1091 1320 eom-⁴

73 1348 164 1415 buris,
188 1348 293 1417 piperis
317 1365 406 1417 grana
419 1348 458 1401 XI
482 1347 565 1401 simul
588 1347 669 1417 teris,
698 1351 728 1403 et
753 1366 816 1402 cum
839 1347 905 1402 vino
928 1347 1018 1403 veteri
1036 1364 1086 1417 per

72 1426 199 1479 triduum
221 1429 302 1496 potui
331 1427 411 1494 dato,
439 1444 505 1480 mox
532 1444 616 1480 sanus
635 1427 691 1482 fiet.
720 1427 868 1482 vaccinum
890 1428 968 1482 ieeur
991 1444 1086 1481 assum

73 1505 213 1558 edendum
232 1506 256 1558 si
273 1506 394 1574 dederis,
411 1505 615 1562 liberabuntur.
633 1510 637 1576 Ι
655 1508 830 1577 (p.124)vel
849 1507 873 1561 si
891 1507 1036 1577 pulverem
1050 1507 1084 1560 de
1100 1517 1126 1557 15

73 1584 218 1652 speculare
250 1585 341 1640 vitreo
373 1585 475 1655 iacias,
508 1589 537 1640 et
564 1586 606 1639 ibi
633 1585 785 1639 intinctum
816 1586 893 1641 iecur
924 1587 1084 1640 manducet.

72 1664 190 1718 herbam
207 1665 380 1719 vettonicam
395 1682 428 1719 ex
442 1666 503 1720 vini
522 1666 612 1735 cyatis
627 1665 718 1720 tribus
736 1666 896 1734 frequenter
909 1667 990 1736 potui
1007 1668 1083 1720 dato.

72 1744 190 1799 ovillum
218 1762 315 1799 sevum
341 1745 372 1798 in
399 1746 465 1799 vino
496 1749 607 1801 austero
636 1748 784 1809 decoctum
810 1746 900 1801 bibat.
934 1745 1085 1816 coagulum

72 1825 158 1879 haedi
186 1828 267 1879 vetus
290 1825 371 1894 potui
395 1825 475 1894 dato,
504 1825 658 1881 sanabitur.
688 1842 772 1880 ovum
795 1827 942 1880 decoctum
964 1826 995 1878 in
1017 1825 1083 1879 vino

72 1905 161 1959 veteri
184 1905 231 1959 vel
258 1908 339 1959 aceto
367 1905 507 1958 edendum
530 1906 606 1959 dato.
634 1905 784 1975 palumbus
808 1905 928 1975 agrestis
952 1906 1083 1958 decoetus
1098 1914 1124 1952 20

73 2003 107 2039 ex
130 2003 217 2054 pusca
235 2002 285 2055 per
307 1984 434 2039 triduum
462 1985 587 2039 edendus
616 1986 699 2039 datus
727 1985 850 2054 prodest.
879 1984 992 2038 lentisci
1014 1983 1084 2038 folia

73 2082 136 2116 cum
149 2065 216 2118 vino
230 2064 310 2133 potui
325 2064 401 2132 (laic,
421 2064 491 2118 mire
504 2065 627 2133 prodest.
652 2064 774 2119 cinerem
788 2063 912 2118 calidum
930 2063 1084 2117 cribratum

73 2146 154 2196 aceto
172 2143 292 2196 mixtum
314 2143 427 2212 impone
452 2144 544 2198 ventri
568 2147 597 2198 et
614 2146 736 2200 renibus.
765 2145 865 2198 limum
884 2145 918 2198 de
938 2161 1084 2198 cucumere

73 2222 175 2290 exime,
198 2225 258 2275 tere
282 2222 434 2291 diligenter
459 2227 488 2277 et
510 2224 541 2278 in
564 2242 638 2293 aqua
666 2225 761 2279 calida
784 2225 879 2278 ieiuno
901 2223 983 2293 potui
1007 2225 1082 2278 dat0.

72 2301 272 2370 maligranati
295 2302 376 2356 fiores
401 2302 521 2357 siccatos
540 2304 654 2374 bundas,
679 2307 708 2358 et
731 2322 795 2358 eum
816 2303 883 2359 vino
906 2303 987 2373 potui
1006 2304 1082 2372 date,
1097 2309 1124 2349 25

72 2381 263 2449 dysentericos
287 2400 304 2435 a
331 2385 420 2436 morte
448 2383 559 2438 liberat.
593 2384 692 2438 rubiae
720 2384 830 2438 denarii
857 2384 940 2438 unius
973 2383 1083 2453 pondus

70 2461 247 2515 febricitanti
266 2478 300 2516 ex
319 2479 393 2530 aqua
412 2463 506 2517 calida
525 2467 664 2528 conteres,
689 2467 718 2518 et
741 2481 804 2518 cum
822 2464 888 2519 vino
906 2464 987 2533 potui
1007 2464 1082 2531 dato,

70 2541 141 2594 mire
159 2542 282 2610 prodest.
307 2541 449 2612 singulare
464 2545 627 2613 remedium,
647 2544 671 2598 si
686 2561 770 2598 ovum
783 2544 814 2598 in
827 2544 908 2599 fictili
927 2561 995 2599 vase
1009 2561 1082 2599 novo

71 2620 212 2689 infundas,
232 2624 261 2675 et
278 2624 398 2691 tantum,
418 2622 448 2674 id
467 2626 511 2677 est
525 2624 572 2677 ovi
590 2641 729 2693 mensura,
749 2624 857 2678 adicias
873 2624 966 2679 oleum
983 2624 1040 2678 mel
1054 2626 1083 2678 et

71 2703 195 2770 acetum,
224 2705 252 2755 et
280 2701 399 2755 subinde
427 2701 457 2754 in
479 2703 577 2771 prunis
602 2703 742 2772 agitatum
766 2722 830 2758 curn
854 2704 978 2775 tepuerit
1006 2704 1081 2758 edat.
1096 2707 1123 2745 30

70 2781 169 2833 turdus
189 2798 250 2833 cum
270 2781 350 2834 bacis
375 2781 409 2835 de
427 2786 521 2836 murta
540 2800 619 2837 assus
639 2785 747 2838 edatur.
776 2801 867 2853 pruna
886 2783 1018 2837 silvatica
1036 2781 1082 2836 vel

70 2860 174 2913 radicis
198 2860 258 2913 eius
278 2860 396 2914 cortices
414 2861 445 2914 in
468 2862 534 2915 vino
558 2866 670 2917 austero
694 2881 781 2931 usque
805 2864 843 2917 ad
861 2862 961 2916 tertias
985 2879 1081 2929 coque,

142 3098 306 3152 adiacens
327 3101 349 3152 b.
405 3097 465 3150 cin‘l
487 3105 569 3162 orecr'r
588 3102 611 3153 b.
667 3099 834 3168 3Axungia
853 3103 875 3154 b.
932 3105 966 3153 cu
984 3101 1043 3154 0111Ο
1058 3105 1080 3158 b.

70 3172 191 3223 ltestes
211 3172 235 3223 b.
308 3168 386 3222 Sin:
407 3171 435 3221 et
453 3169 484 3221 in
502 3172 525 3223 b.
579 3169 688 3224 Sorbile
708 3173 731 3225 b.
805 3170 1001 3225 9columbina
1020 3178 1080 3244 (om.

70 3240 136 3293 fimfi
156 3240 232 3293 siccis
251 3239 501 3295 tritu...redact1'r
521 3242 543 3295 b.
596 3249 623 3293 11
643 3240 785 3309 malagma
805 3243 827 3296 b.
895 3249 927 3296 16
949 3243 982 3297 de
998 3263 1081 3313 pecu·

69 3311 234 3365 larevitreo
254 3313 277 3364 b.
326 3316 358 3364 17
377 3310 508 3365 vetonica
527 3314 550 3367 b.
603 3319 635 3365 22
655 3312 715 3365 cinq
732 3312 827 3366 calidfi
846 3321 892 3368 etc.
914 3316 936 3368 b.
992 3323 1025 3369 23
1045 3335 1081 3371 m.

68 3382 170 3436 ventri.
190 3384 219 3436 et
237 3389 322 3450 ipone
341 3381 454 3435 renibus
474 3385 497 3437 b.
580 3389 614 3436 24
633 3383 713 3438 dato:
734 3384 808 3437 dabo
823 3386 846 3439 b.
938 3391 971 3438 26
991 3387 1081 3440 diesn-

68 3452 171 3507 tericos
191 3456 214 3508 b.
314 3452 393 3524 robis
414 3452 525 3506 denarii
544 3456 567 3508 b.
659 3459 693 3507 27
712 3455 834 3510 conteris
854 3458 876 3510 b.
965 3462 998 3509 28
1018 3476 1038 3511 s.
1059 3475 1080 3509 r.

66 3526 143 3579 rubr.
164 3526 187 3579 b.
261 3529 295 3578 29
314 3530 408 3577 msura
427 3526 450 3579 b.
523 3523 703 3580 31mirtab.
