2288 3878
79 109 146 174 444
481 114 685 167 4444444444

115 271 170 338 (16)
197 270 275 350 quod
303 268 434 324 similiter
464 268 586 323 feminae
649 273 704 339 (16)
715 269 846 322 similiter
860 269 1003 323 44144144
1014 271 1094 325 44441

81 339 154 393 41444
176 339 230 393 4141
254 339 407 394 continent
432 340 475 394 ita
498 343 527 394 44
545 339 585 394 fe·
614 340 671 394 culi
695 343 760 394 sunt
789 339 873 392 sicuti
899 340 1095 396 4441414441

79 410 154 464 mine
182 427 254 479 quae
282 411 369 465 habet
396 410 586 464 testiculus
614 428 735 465 4444444
746 413 775 465 44
785 410 935 464 molliores
951 410 1017 465 rdeo
1028 430 1095 494 qup-

80 480 200 548 denique
218 480 339 563 parandi
356 481 433 536 41414
462 481 587 534 sednon
614 499 733 550 cumque
756 480 862 535 femina
884 497 972 550 prope
993 482 1094 536 similis

79 551 139 605 4144
125 550 587 675 conpositioneshapentelslsicut
613 553 746 676 habuprit
763 551 910 674 testiculpp
925 555 959 675 up
971 553 1016 606 vir
1034 553 1095 623 ipsc

77 621 147 676 viris
171 639 200 676 44
243 639 364 676 minores
388 639 403 676 e
443 638 489 675 mo
513 638 585 675 ι4444
613 640 692 677 4444
706 639 788 676 ruore
811 639 884 690 appe
908 639 945 676 an
959 641 1000 678 ur.
1031 641 1094 678 con·

79 693 150 747 adeo
165 709 182 746 a
197 693 367 761 quibusdam
381 691 505 746 calidam
524 695 586 746 eta
615 697 672 749 stat
702 710 768 763 ergo
801 710 858 745 444
889 693 1002 748 4441444
1034 711 1094 749 4444

79 763 249 832 quibusdam
267 763 346 817 14444
362 763 500 817 dicuntur.
520 779 585 817 con·
612 764 682 819 41414
711 768 741 818 44
766 763 879 818 femine.
913 765 963 818 sed
994 765 1095 820 mulier

79 837 138 915 4444
160 851 227 903 ergo
250 851 307 887 una
331 833 440 887 ratione
467 850 527 887 4444
546 833 586 887 fe·
614 835 728 902 quidem
746 835 831 888 vulva
850 835 945 890 habet
966 839 996 889 44
1014 837 1094 891 44441-

78 904 162 958 41414
182 907 211 959 44
234 904 367 958 44444114
387 905 437 958 sed
455 903 586 959 mulieres
614 906 671 960 culi
685 906 774 960 nostri
785 908 872 974 (nfi)
873 905 972 959 441444
987 906 1094 961 habent

78 976 186 1030 habent
218 975 349 1029 similiter
380 992 443 1029 curn
475 974 586 1029 4441444
614 979 756 1044 quattuor.
775 977 867 1046 prima
886 993 941 1057 quq
948 978 1092 1046 appella·

79 1049 221 1114 quattuor
247 1046 338 1115 prima
362 1045 523 1114 appellatur
546 1045 586 1099 fe·
613 1049 660 1101 tur
670 1064 744 1116 ayco
755 1048 878 1101 secunda
889 1045 997 1102 sohdrs
1008 1048 1093 1103 444414

79 1133 151 1172 reco
172 1117 302 1171 secunda
322 1116 413 1170 facon.
429 1116 522 1170 tertia.
538 1133 586 1185 pe·
613 1118 776 1187 peritorion
796 1120 898 1186 quarta
918 1121 1016 1173 444444

79 1187 212 1241 44144144.
232 1190 334 1256 quarta
352 1186 525 1257 genuissima
542 1204 585 1240 ar-

15 1252 24 1311 l
80 1274 128 1311 444
148 1257 296 1326 apellatur.

114 1963 169 2030 (17)
198 1959 329 2014 similiter
360 1959 463 2013 vulva
494 1959 585 2028 prima

78 2031 157 2086 cuius
168 2031 316 2086 subiacent
324 2031 488 2084 membrana
500 2029 586 2083 vulva

78 2101 127 2170 qui
155 2101 282 2155 continet
304 2100 380 2154 facto
407 2100 483 2167 quod
508 2098 585 2168 greci

78 2171 189 2226 4144144
203 2172 306 2240 culpon
315 2173 426 2225 444444
441 2186 585 2237 namquo
648 2173 703 2241 (17)
723 2170 858 2225 folliculis
877 2171 931 2226 hoc
950 2175 995 2226 est
1014 2190 1089 2227 4444-

77 2243 161 2296 modo
181 2241 357 2296 estmasculi
372 2242 481 2294 41444444
501 2240 541 2293 414
556 2243 585 2294 44
613 2241 760 2297 trumviri
780 2242 874 2296 414444
862 2241 1060 2297 4441144414
1048 2247 1088 2297 444

77 2313 161 2367 44144
194 2312 305 2365 collum.
339 2311 412 2365 41444
444 2311 586 2364 minuetur
613 2329 677 2365 cum
694 2312 786 2367 tribus
809 2312 1005 2368 foraminibus.
1027 2332 1088 2383 por-

79 2383 160 2436 adest
187 2382 271 2453 vulve
295 2381 464 2435 naturaliter
482 2380 583 2435 mollis.
612 2382 715 2452 rigitur
736 2384 773 2437 ad
792 2383 909 2464 longum
933 2384 1014 2466 virge
1041 2402 1089 2454 per

78 2454 191 2506 4444444
203 2454 298 2505 44444
311 2452 445 2505 tuniculis
460 2452 584 2505 11441441-
613 2471 698 2520 quam
711 2453 824 2527 4444414
843 2472 910 2508 4444
928 2449 1088 2524 percipitur

77 2521 131 2575 mis
156 2521 229 2574 41444
252 2522 361 2574 duabus
388 2523 535 2577 extensior
556 2525 585 2576 44

77 2608 197 2646 carnosa
216 2594 266 2646 444.
288 2594 316 2645 44
335 2608 452 2646 carnosa
466 2593 585 2647 interior

78 2666 108 2718 44
125 2662 329 2717 44444441444
344 2664 522 2744 superposita
540 2667 584 2718 444

79 2733 187 2788 directa
205 2732 342 2787 intestina
365 2733 519 2789 (1144444414
537 2734 584 2788 441

78 2804 204 2874 capitat
192 2803 282 2858 tribus
305 2821 356 2874 per
381 2821 451 2873 quas
470 2804 583 2859 forami·

76 2875 159 2930 nibus
174 2879 343 2956 Ι4444444444
360 2892 449 2944 usque
468 2876 505 2929 ad
523 2875 584 2928 lon-

76 2963 144 3015 gum
171 2946 278 3016 inque(1
305 2946 424 3016 corr)ris
453 2944 582 2999 44444144

76 3016 199 3084 perfice(i
217 3033 284 3071 corr
286 3018 350 3086 )tur
