2288 3878
406 131 565 184 EPITOME
582 131 731 184 ALTERA.
1010 127 1074 194 481

67 289 105 344 ab
124 289 200 343 intus
219 287 333 342 sinuosa
352 290 381 342 et
399 304 499 357 aspera
517 291 611 344 estut
629 287 719 358 pessit
738 305 833 343 semen
851 287 1001 345 continere.
1024 289 1076 361 hec

68 368 163 423 omnia
181 367 344 423 membrano
366 370 553 438 proteguntur
575 367 752 437 tenuissimo,
776 368 853 436 quod
873 369 951 437 greci
974 369 1078 424 dicitur
1107 439 1112 449 1

68 447 265 518 peritominen.
291 447 409 503 Omnia
429 447 571 508 orifieia
594 447 748 517 eorporis
766 446 877 503 nostri
896 447 1077 518 explorata

67 531 154 583 sunt.

358 774 484 830 XXXIII.
503 774 549 829 De
568 774 781 844 spatenibus.
1106 790 1120 830 5

139 864 230 929 Quare
251 862 416 934 spatenibus
431 862 529 932 capilli
544 863 574 917 in
588 863 758 932 quibusdam
775 862 845 918 loeis
862 879 919 918 non
931 864 1079 933 prodeunt,

66 960 176 1013 exque
198 945 279 1013 parte
302 942 426 1013 corporis
454 943 558 998 sentire
576 943 665 999 fertur
687 960 796 1014 magna
813 943 937 998 humoris
963 943 1004 998 rei
1024 944 1079 998 dis·

65 1022 170 1093 positio
189 1024 240 1076 est.
264 1025 293 1076 et
317 1021 493 1089 quorundam
516 1026 559 1078 est
587 1023 683 1094 opinio
706 1026 819 1078 tautum
836 1023 867 1077 in
885 1027 1014 1079 concreto
1034 1041 1079 1079 ca·

66 1103 125 1157 lore
148 1103 294 1157 humorem
317 1101 468 1157 infaciem
492 1102 691 1173 transfigurare
714 1103 836 1158 seminis.
865 1102 1004 1172 quidam
1026 1103 1079 1159 fer·

66 1183 158 1238 ventis
187 1181 302 1252 sanguis
326 1182 449 1252 speciem
475 1199 536 1238 esse
566 1182 664 1238 dicunt
685 1183 881 1238 testiculorum
908 1183 939 1236 in
964 1200 1077 1254 corpore
1094 1200 1119 1238 ιο

69 1262 162 1316 virum
180 1261 307 1332 effusum,
326 1262 443 1331 quidam
461 1279 479 1316 a
497 1262 611 1317 renibus
629 1262 758 1318 venerint
775 1263 934 1333 persuadet.

250 1437 386 1494 XXXIIII.
409 1440 455 1494 De
475 1456 628 1494 esserum
646 1439 891 1510 dispositione.

136 1516 253 1572 Constat
271 1535 326 1586 que
344 1518 427 1573 hemo
452 1535 487 1574 ex
510 1519 620 1574 ossibus
640 1519 819 1577 COXXVHH.
846 1523 933 1590 eaput
949 1525 1077 1576 nestrum

53 1595 152 1651 habet
175 1595 372 1651 coniuncturas
391 1597 424 1652 V.
449 1597 522 1652 sieut
547 1597 645 1654 littera
668 1598 755 1653 labda
778 1598 933 1669 iunguntur
954 1599 1079 1654 virorum

65 1675 201 1746 calvarie,
224 1676 327 1731 femine
345 1676 376 1730 in
393 1678 515 1732 rotundo
540 1676 708 1748 iunguutur,
731 1681 761 1733 et
779 1677 944 1733 dividuntur
966 1679 996 1732 in
1014 1695 1119 1736 assare

64 1757 123 1812 VH.
149 1756 335 1825 dicunturque
359 1756 478 1826 lep10tes
503 1757 570 1826 duo,
599 1756 678 1812 irena
700 1774 795 1813 unum.
824 1756 910 1812 facies
934 1774 998 1812 ossa
1016 1759 1077 1828 VH,

67 1838 165 1892 dentes
179 1836 290 1904 XXXII,
309 1835 473 1891 mufieribus
493 1839 522 1891 et
541 1835 707 1891 durebarbis
720 1835 805 1906 XXX,
824 1835 897 1891 eollo
917 1838 1078 1893 avertebra

65 1917 126 1985 VII,
146 1917 259 1972 dorsum
278 1918 307 1970 et
326 1916 407 1986 spina
425 1916 554 1995 vertebra
567 1915 628 1986 XII,
648 1915 759 1970 lumbus
777 1916 922 1971 vertebras
932 1916 965 1986 V,
985 1921 1077 1972 costas

65 1996 202 2051 XXXIIII.
227 1995 306 2051 ieron
329 2012 423 2050 ossum
445 2014 544 2065 unum,
568 1995 617 2063 qui
639 1995 727 2050 habet
748 1998 911 2065 pertusurae
931 1996 1004 2052 VIII.
1028 1998 1078 2066 qui

65 2079 110 2130 est
128 2076 158 2129 in
177 2080 272 2131 torace
296 2075 425 2146 iugulare
445 2076 508 2131 duo.
534 2078 620 2145 caput
642 2075 829 2146 humerorum,
848 2077 924 2144 quod
942 2078 1077 2132 condrum
1091 2094 1118 2134 ee

66 2155 229 2226 iunguntur,
249 2157 325 2224 quod
344 2154 451 2210 elidjon
464 2158 608 2211 vocantur.
629 2155 759 2224 scapulas
773 2155 820 2210 vel
834 2155 915 2225 palas
935 2173 999 2211 ossa
1014 2157 1077 2226 duo,

68 2240 167 2306 peetus
195 2253 290 2290 ossum
316 2254 414 2306 unum,
447 2235 602 2304 aliquantis
629 2251 695 2290 vero
723 2235 786 2291 duo.
815 2235 974 2290 cubiturum
1000 2238 1077 2292 mani

65 2315 148 2370 unius
172 2333 236 2370 ossa
254 2315 340 2370 IIH01.
361 2333 424 2370 ossa
443 2332 577 2370 manuum
596 2314 742 2370 ambarum
765 2318 830 2370 sunt
848 2315 988 2387 XLVIHI,
1012 2317 1076 2371 aliis

137 2509 292 2557 1senuosa
310 2503 343 2558 P.
416 2505 604 2572 2pr0tegunt
624 2501 657 2557 G.
694 2501 771 2575 greci
792 2501 824 2557 G.
898 2503 1030 2558 6XXXV
1045 2504 1075 2558 P.

63 2576 111 2629 sed
128 2574 244 2628 XXXIII
262 2576 294 2629 ia
312 2575 409 2630 iudice.
490 2573 532 2628 De
552 2572 727 2644 spationibus
744 2573 770 2627 G
785 2574 831 2640 (cf.
842 2573 892 2630 Ar.
913 2574 958 2630 Ps.
974 2591 1004 2651 p.
1022 2578 1078 2630 667

65 2653 90 2700 et
109 2647 205 2699 deiude
227 2647 260 2700 de
282 2647 381 2702 semiue
399 2645 471 2716 App.
495 2646 546 2700 Ta.
572 2645 659 2700 Prisc.
678 2645 714 2699 ib.
731 2662 760 2714 p.
776 2648 852 2713 379).
979 2653 994 2698 6
1013 2661 1076 2713 pro-

67 2715 150 2768 diunt
164 2716 195 2769 P.
253 2715 438 2786 idisposieie
448 2718 480 2773 P.
536 2714 687 2785 Soppinio
708 2715 741 2770 G.
797 2721 830 2769 10
846 2731 906 2771 esse
926 2714 1023 2768 dicunt
1038 2717 1075 2770 P:

67 2788 111 2838 est
129 2788 165 2853 (e)
184 2785 286 2838 ducum
306 2787 339 2842 G.
413 2794 446 2840 11
465 2787 616 2856 persoadet
635 2786 667 2841 P.
741 2791 773 2838 12
793 2785 895 2839 XXXV
911 2787 1032 2853 (iterum)
1044 2787 1077 2853 P,

65 2856 114 2909 aad
131 2854 260 2908 XXXIHI
279 2858 310 2911 iii
328 2859 425 2913 iudice.
498 2857 540 2912 De
559 2873 686 2911 assarum
703 2871 849 2909 numerum
865 2855 892 2909 G
907 2857 969 2924 (abi
982 2863 1078 2924 postea

67 2944 104 2997 ai.
123 2959 157 2996 m.
177 2944 323 3013 adscripsit
345 2945 398 3000 hoc
422 2953 496 3015 scrip
514 2950 529 2998 e
548 2944 665 3013 inquat).
690 2960 751 2998 cura
773 2944 825 2997 hae
848 2944 948 2997 ossiwm
972 2959 1078 3000 enume-

66 3014 174 3069 ratione
192 3014 315 3080 roriferas
334 3017 478 3071 breuiorem
496 3017 529 3069 ia
546 3017 603 3070 cod.
623 3015 712 3081 Hafa.
731 3020 781 3068 vet.
802 3029 856 3083 rep.
871 3016 945 3068 1653
957 3015 978 3081 f.
990 3018 1077 3068 73a-i

68 3092 94 3140 et
111 3085 203 3138 Bruu.
225 3087 299 3150 (aute
321 3087 372 3140 Tu.
393 3087 581 3153 Prisciauam)
600 3087 662 3153 f·2⁶
672 3088 751 3139 1-2.
847 3088 880 3136 13
899 3100 953 3152 que
971 3102 1022 3140 om.
1043 3085 1076 3140 G.

71 3161 103 3210 15
122 3154 225 3209 Iabdae
246 3154 279 3210 G.
336 3161 369 3210 16
388 3155 530 3228 calvariap
549 3154 653 3237 femiup
669 3155 702 3209 G.
758 3152 889 3208 dividunt
908 3155 939 3210 P.
996 3162 1029 3210 16
1043 3156 1076 3209 li-

68 3225 193 3297 pidiosas
215 3226 247 3282 G.
320 3226 415 3281 irenea
435 3227 468 3282 G.
525 3231 557 3280 17
576 3225 740 3280 muharibus
759 3226 855 3279 autem
874 3228 902 3281 et
922 3226 954 3282 G.
1008 3229 1076 3301 dure

68 3297 156 3370 barbe
178 3297 210 3352 G.
282 3298 413 3370 vertebra
433 3298 466 3354 G.
540 3301 573 3351 18
593 3300 620 3356 (11
641 3301 684 3365 (at
701 3298 777 3355 solet)
789 3297 821 3366 P,
840 3297 893 3350 VH
912 3298 945 3353 G.
1017 3315 1077 3354 ver-

68 3370 163 3424 tebras
180 3368 212 3423 G.
250 3368 361 3423 lumbos
373 3369 405 3424 G.
460 3389 485 3424 v.
505 3368 545 3423 VI
565 3367 597 3425 G.
653 3370 743 3422 uestes
754 3369 785 3423 P.
841 3373 874 3422 19
894 3369 961 3423 abet
975 3369 1030 3440 (ab)
1043 3371 1077 3427 P.

69 3439 380 3509 aoingulares.11.G.
453 3440 525 3496 211.
548 3439 581 3494 G.
654 3439 687 3494 H.
710 3439 742 3508 G,
780 3439 938 3509 aupitorum
958 3440 990 3496 G.

67 3516 103 3564 23
121 3510 224 3565 hunius
244 3512 276 3568 P.
331 3511 391 3567 HII.
413 3512 445 3568 G.
509 3511 617 3567 XLem
630 3511 668 3567 P:
687 3509 798 3566 XLVIII
818 3511 851 3568 G.

122 3609 255 3654 Theodorus
269 3611 408 3665 Priscianus,
421 3611 455 3653 su
469 3612 548 3654 Bosa.
884 3605 917 3653 81
