2288 3878
55 165 121 231 280
390 169 737 223 renunc-unacum

55 326 174 382 fasciola
192 326 269 382 linea
287 327 387 397 ligato.
416 328 492 396 quod
510 344 600 396 usque
619 326 747 382 triduum
765 326 835 382 inde
854 344 892 383 ne
909 328 1013 399 solvas,
1032 329 1078 385 sed

55 406 90 462 de
110 408 275 476 supradicto
298 411 379 463 aceto
403 423 513 477 semper
530 407 658 462 infunde.
694 406 749 462 hcc
771 422 841 462 vero
864 408 1013 464 adiutorio
1030 408 1077 463 ad·

54 488 149 543 hibito
168 505 219 543 nec
238 487 269 541 in
286 492 426 542 tumorem
444 487 532 558 plaga
550 487 655 555 veniet,
674 489 704 543 et
716 489 819 556 postea
835 486 971 543 celeriter
989 491 1075 543 sanat.

55 624 102 677 Ad
116 623 141 690 1,
155 624 191 677 21
207 626 269 692 (68)
285 622 438 677 clamatam
451 624 545 691 (mmm
558 623 599 676 cic
611 622 730 677 mett
747 622 777 676 b.-
796 619 871 676 Sunt
884 620 977 677 etiam
994 621 1074 677 haec

28 701 199 761 uadiutoria
216 702 261 755 his
281 700 373 755 causis
392 699 541 770 aptissima
560 699 613 754 sub
635 717 694 756 una
716 699 824 755 virtute
841 701 1005 771 medentia,
1027 701 1073 756 aed

54 780 132 835 rarie
147 780 312 850 composita,
330 797 450 849 quarum
463 780 676 850 perseverantia
690 779 823 835 effectum
835 779 1010 835 facillimum
1022 798 1073 836 ex-

437 859 530 929 perti
550 862 687 930 sumum)

126 939 256 994 Verbera
274 939 363 993 herbe
382 938 506 994 contrita
520 942 549 994 et
563 938 699 1010 imposita
716 938 834 995 mirifice
848 941 977 1009 prodest.
1004 957 1073 1009 aqua

55 1020 105 1075 ubi
124 1020 219 1074 caules
239 1018 349 1074 decocti
369 1021 435 1072 sunt
453 1019 553 1089 tepida
571 1019 596 1073 si
614 1019 678 1075 loca
696 1018 759 1089 ipsa
777 1018 928 1090 fomentes,
953 1024 985 1077 et
1002 1021 1073 1092 ipsos

18 1120 41 1158 ιο
57 1101 152 1155 caules
180 1099 299 1154 detritos
325 1098 369 1153 bis
393 1099 423 1152 in
447 1098 493 1153 die
521 1098 663 1169 imponas,
688 1098 835 1154 vulnera
859 1100 1022 1155 recentia
1043 1102 1074 1155 et

55 1183 176 1234 vetera
195 1182 228 1234 et
251 1178 395 1234 fistulas
419 1181 510 1234 sanat.
539 1178 620 1233 bulbi
638 1178 701 1233 triti
720 1177 774 1233 soli
797 1178 835 1233 ad
861 1178 968 1233 vulnus
992 1177 1073 1251 gluti·

54 1259 181 1314 nandum
205 1259 410 1328 adhibeantur,
435 1258 657 1329 experimentum
675 1261 726 1313 cst.
764 1257 829 1312 rubi
851 1257 905 1313 flos
927 1259 977 1314 vel
999 1275 1075 1314 mora

54 1337 190 1407 imposita
209 1338 287 1408 trita,
309 1338 370 1392 sine
390 1337 557 1393 collectione
575 1337 693 1393 vulnera
710 1336 838 1393 recentia
856 1341 950 1394 sanat.
988 1337 1075 1393 lintea

55 1421 136 1473 aceto
155 1416 250 1471 infirsa
269 1416 328 1472 sale
346 1418 415 1473 trito
435 1416 571 1473 ammixto
589 1416 724 1487 imposita
737 1433 788 1487 per
801 1416 938 1489 triduum,
957 1418 1075 1473 vulnera

17 1516 41 1557 15
55 1498 128 1554 ferro
148 1500 245 1551 secata
263 1497 450 1552 intumescere
468 1514 527 1552 non
544 1497 655 1567 patitur
668 1499 698 1552 et
711 1496 749 1551 ad
763 1496 918 1551 sanitatem
937 1496 998 1553 cito
1016 1514 1075 1569 per-

56 1577 141 1632 ducit.
175 1593 261 1631 vena
279 1577 392 1633 incisa
411 1578 439 1632 si
462 1577 585 1647 fuerit,
608 1576 727 1631 floccum
749 1593 922 1647 purpureum
945 1576 1077 1649 alligato,

55 1660 84 1711 et
102 1673 167 1710 mox
186 1655 302 1712 claudit.
331 1657 417 1712 calcis
431 1656 525 1727 pulvis
541 1657 688 1727 appositus
702 1657 756 1711 hoc
769 1655 847 1711 idem
860 1654 940 1712 facit.
969 1674 1076 1712 venae

56 1737 193 1792 solutae
213 1737 243 1791 si
262 1737 398 1793 fuerint
417 1740 468 1792 aut
486 1737 560 1793 ferro
575 1737 682 1791 incisae
696 1740 726 1791 et
740 1735 855 1806 sanguis
869 1734 1008 1808 restringi
1021 1753 1078 1792 non

54 1817 168 1888 poterit,
187 1817 384 1888 plantaginem
397 1817 496 1872 tritam
515 1834 599 1887 super
613 1816 742 1886 alligato,
760 1816 914 1884 probatum
928 1819 983 1872 est.
1008 1817 1080 1872 folia

18 1915 41 1956 ao
55 1898 195 1954 verbenae
213 1898 283 1953 trita
303 1915 366 1952 cum
385 1897 509 1967 axungia
528 1896 674 1966 imponito,
695 1896 793 1950 statim
810 1897 900 1950 senat.
920 1894 944 1949 si
966 1896 1080 1951 scillam

54 1995 159 2049 purgas
180 1982 209 2033 et
227 1978 363 2033 interiora
382 1976 442 2032 eius
465 1979 564 2032 tenere
587 1975 617 2030 in
639 1975 728 2045 pilam
751 1974 843 2029 mittis
862 1977 891 2029 et
910 1991 944 2029 ex
965 1975 1030 2031 oleo
1051 1979 1082 2031 et

54 2058 121 2113 vino
139 2058 275 2128 psyllium
293 2060 443 2113 contusum
460 2073 511 2126 pro
535 2055 709 2125 malagmate
732 2052 855 2123 imponis
874 2055 904 2107 et
921 2054 1012 2111 tertio
1032 2055 1081 2111 die

54 2137 181 2207 resolvis,
200 2137 319 2192 vulnera
337 2135 462 2191 recentia
479 2135 609 2203 quamvis
623 2133 782 2204 periculosa
801 2135 830 2188 et
848 2148 950 2187 nervos
971 2133 1083 2190 incisos

55 2221 85 2272 et
105 2234 170 2272 ossa
188 2216 365 2271 consolidare
384 2216 530 2284 expertum
549 2217 599 2270 est.
635 2214 732 2268 fimum
749 2211 888 2268 bubulum
906 2229 973 2266 cum
992 2214 1082 2270 melle

18 2313 42 2354 eo
57 2302 183 2354 recentes
202 2297 303 2367 plagas
322 2296 396 2351 ferro
416 2294 508 2348 factes
527 2296 617 2348 sanat.
651 2293 760 2348 viscum
774 2291 915 2360 axungiae
934 2290 965 2344 in
985 2292 1084 2347 unciis

55 2378 131 2432 binis
150 2376 234 2431 simul
253 2375 407 2430 contritum
421 2373 549 2443 alligato,
569 2373 662 2442 aperit
681 2375 820 2442 expurgat
837 2369 946 2425 claudit
966 2374 998 2426 et
1015 2388 1084 2442 per-

56 2460 146 2511 sanat.
178 2456 248 2511 item
270 2454 363 2509 mellis
387 2453 483 2522 butyri
506 2451 616 2507 resinae
642 2453 740 2507 uncias
764 2455 859 2507 ternas
884 2448 970 2503 simul
995 2450 1084 2507 deco-

55 2536 118 2605 quis
138 2540 167 2590 et
185 2535 348 2589 commisces
368 2533 457 2586 donee
473 2533 547 2586 inse
566 2535 676 2601 coeant,
696 2535 725 2587 et
743 2529 892 2586 linteolum
910 2527 1034 2600 intingis
1051 2536 1084 2587 et

55 2615 165 2670 vulneri
184 2612 314 2683 imponis,
335 2628 433 2666 carnes
453 2613 488 2667 de
507 2612 570 2666 loco
590 2628 640 2667 suo
659 2615 782 2667 remotas
800 2611 877 2664 intra
893 2612 897 2678 Ι
914 2611 1008 2679 (pli)
1026 2611 1083 2665 tri-

18 2711 42 2751 eo
57 2697 144 2749 duum
162 2692 289 2764 glutinet
307 2695 336 2746 et
355 2694 481 2746 comesta
499 2691 545 2746 vel
565 2709 635 2747 cave
653 2692 757 2762 replet,
781 2695 810 2746 et
832 2689 904 2744 mira
927 2687 1083 2747 celeritate

57 2791 156 2831 sanare
180 2775 289 2828 certum
312 2775 362 2828 eet.
404 2772 501 2827 fimum
525 2773 674 2827 scrofinum
701 2771 808 2826 illitum
836 2768 954 2825 vulnera
983 2775 1080 2827 sanat.

56 2855 160 2911 herbae
179 2853 320 2908 verbenae
338 2852 409 2908 folia
429 2853 488 2908 sive
506 2852 630 2907 ramulos
650 2852 709 2907 eius
728 2850 894 2906 tenerrimos
912 2848 980 2902 vino
1000 2850 1082 2906 bono

57 2936 152 2989 coctos
176 2937 205 2988 et
232 2934 315 2990 tritos
343 2934 495 3004 imponito,
523 2932 625 2987 vulnus
649 2931 742 3003 aperit
770 2934 799 2985 et
821 2931 966 2998 expurgat.
1006 2929 1081 2984 item

132 3161 147 3208 2
168 3173 252 3225 supra
272 3156 356 3210 dictis
376 3158 399 3212 b.
473 3161 559 3225 tseq.
579 3172 625 3224 up.
648 3154 748 3247 Tbeed.
769 3148 948 3206 Glutinantia
966 3165 1078 3207 vero...

59 3270 92 3317 15
113 3265 209 3316 secata
230 3265 292 3331 (eie)
313 3265 337 3318 b.
412 3267 445 3315 19
472 3279 504 3316 su
552 3223 782 3333 2112322ᾱὲ4.
839 3262 873 3310 20
892 3254 959 3310 trite
979 3255 1003 3309 b.

58 3333 192 3402 squillam
211 3336 234 3390 b.
290 3340 322 3388 21
339 3333 436 3388 mittes
451 3336 480 3387 et
494 3280 550 3387 cici
565 3330 668 3386 etvini
685 3327 812 3399 psillium
827 3330 850 3383 b.
920 3330 954 3379 22
973 3332 1078 3393 iponca

60 3405 239 3461 ...resolves
255 3407 278 3461 b,
330 3410 364 3458 24
385 3403 550 3485 expitfieb.
595 3401 794 3469 fimum(cic)b.
841 3405 874 3454 26
890 3395 1077 3456 enaH÷b.

59 3477 151 3533 cludit
169 3478 192 3532 b.
288 3481 322 3529 27
341 3474 425 3530 Bitirr
444 3476 467 3529 b.
577 3489 632 3527 ana
650 3472 690 3525 111
707 3483 743 3531 -;-
758 3471 781 3525 b.
890 3468 1030 3533 decoquas
1051 3468 1076 3522 b.

50 3554 90 3605 28
108 3549 235 3606 eoheant
253 3551 276 3607 b.
351 3544 498 3615 intinges.
515 3551 657 3613 ..ipones
676 3544 700 3599 b.
