2288 3878
66 182 109 247 86
374 184 564 237 THEODORI
581 184 762 237 pulsemur

66 347 182 409 facilius
209 351 397 427 reprimatur.
444 356 473 409 et
500 356 619 409 anetum
648 367 716 409 cum
739 352 837 410 acacia
860 352 965 410 tritum
990 357 1020 410 et
1045 369 1083 411 ex

66 456 140 516 aqua
164 438 302 498 similiter
324 445 521 516 temperatum
545 437 772 516 supponendum
795 446 848 498 est.
895 440 968 498 item
992 438 1083 500 aliud.

66 526 181 586 cocleas
205 527 241 586 de
268 525 424 586 arboribus
452 524 528 586 lauri
552 525 691 585 collectas
714 525 919 587 comburimus
942 534 973 586 ct
995 529 1083 588 tritas

65 617 255 695 imponimus,
278 621 312 674 ut
330 613 504 675 umbilicum
523 616 555 673 in
573 621 709 674 naturam
727 616 879 705 propriam
898 633 1083 676 revocemus.

39 783 52 824 ὁ
127 772 216 833 ΧΧΧ.
253 773 299 833 Dc
323 772 480 833 diversis
504 775 605 833 vitiis
629 775 664 834 in
688 791 753 833 ano
776 772 1022 835 nascentibus.

12 874 53 938 81
153 878 295 938 Difficiles
318 881 350 938 in
373 879 420 938 his
450 877 523 938 locis
546 897 653 939 causae
677 881 797 939 evenire
821 887 1004 940 consuerunt
1028 900 1082 959 pro

65 967 263 1028 accidentium
283 967 431 1045 qualitate.
463 975 509 1027 est
527 969 607 1026 enim
626 967 684 1027 loci
702 975 808 1027 natura
822 967 987 1049 delicatior,
1006 988 1083 1047 quac

66 1054 102 1114 ad
125 1074 227 1116 omnes
251 1054 374 1116 acerbos
398 1074 487 1134 quam
514 1058 641 1115 maxime
665 1063 817 1116 contactus
841 1055 926 1116 facile
951 1075 1082 1117 commo-

65 1151 175 1204 veatur.
222 1147 355 1204 nascitur
377 1147 409 1204 in
432 1145 488 1204 hoc
512 1146 686 1223 saepissime
710 1144 874 1223 indignatio
897 1144 944 1204 vel
972 1145 1082 1225 servor,

26 1244 52 1283 1⁰
66 1233 99 1290 fit
122 1233 289 1312 ragadium,
312 1235 345 1292 fit
366 1231 552 1311 condyloma,
576 1241 735 1311 erumpunt
758 1232 991 1315 haemorroidas,
1014 1252 1082 1294 nas-

66 1328 174 1380 cuntur
198 1320 371 1400 exochadia,
400 1321 475 1379 fiunt
498 1323 588 1379 etiam
616 1323 765 1401 syringes,
793 1322 967 1399 frequenter
991 1324 1082 1382 ctiam

65 1409 201 1467 intestini
220 1409 325 1466 effusio
345 1415 374 1467 et
394 1414 500 1487 cetera,
520 1408 628 1486 quibus
647 1427 726 1469 nunc
746 1409 883 1470 omnibus
903 1428 957 1469 suo
976 1410 1081 1470 ordine

65 1494 198 1556 remedia
220 1494 391 1572 designabo.

154 1582 270 1661 quando
294 1602 364 1662 ergo
388 1584 552 1662 indignatio
574 1585 620 1644 vel
644 1586 743 1645 fervor
765 1584 829 1644 loca
852 1589 1081 1667 attemptaverit,

26 1681 52 1723 15
66 1673 191 1750 pingues
225 1671 332 1750 dactyli
369 1674 400 1732 in
436 1691 523 1751 passo
556 1673 602 1732 vel
634 1673 787 1734 meliorato
819 1673 911 1734 inlusi
941 1681 1082 1735 teruntur

66 1759 256 1838 superaddito
277 1763 407 1840 quipiam
426 1761 484 1821 olei
503 1764 592 1841 rosei,
611 1780 626 1820 e
647 1761 754 1840 quibus
774 1763 884 1822 lactum
903 1762 1081 1841 cataplasma

65 1848 199 1927 tepidum
223 1849 407 1929 adhibemus,
431 1849 621 1928 superaddita
640 1858 739 1909 tamen
757 1850 883 1928 ligatura
903 1868 979 1928 quae
998 1851 1082 1912 adiu·

64 1939 175 1998 torium
203 1941 356 1999 continere
385 1938 480 1998 debet.
527 1956 594 1997 nam
622 1940 711 1997 etiam
735 1939 772 1998 de
794 1940 919 1999 musteis
943 1938 1083 2000 similiter

137 2133 151 2180 1
166 2126 335 2197 reprimatur
348 2126 407 2181 rB:
425 2124 561 2194 reprimat
575 2126 657 2180 boet.
714 2126 882 2194 anetumrb,
896 2141 1031 2195 apossum
1041 2127 1082 2180 B:

64 2214 114 2252 om.
136 2198 194 2253 der.
253 2199 281 2251 et
300 2213 333 2250 ex
352 2213 426 2264 aqua
444 2215 471 2251 r:
491 2199 520 2250 et
538 2212 613 2264 aqua
632 2197 717 2251 bGel.
790 2201 806 2248 2
826 2196 1083 2277 sup(b)ponendum

65 2270 109 2322 est
125 2269 173 2322 rB
183 2269 254 2324 Get:
273 2268 383 2337 iponibo
402 2270 425 2321 b.
480 2266 549 2320 item
563 2266 642 2320 aliud
657 2268 724 2334 cet,
744 2266 814 2321 item
832 2268 919 2321 etiam
932 2268 993 2322 rB:
1014 2270 1043 2322 et
1058 2271 1080 2323 b.

65 2345 81 2391 3
106 2339 140 2393 de
165 2344 210 2404 (ex
229 2341 325 2409 bGel.)
350 2337 497 2393 arboribus
520 2337 594 2391 lauri
615 2338 735 2393 rbGel.:
761 2354 795 2392 ex
818 2338 917 2392 arbore
939 2337 1020 2391 lauro
1045 2339 1080 2392 B.

65 2407 199 2462 collectas
218 2410 266 2465 rB
275 2411 346 2465 Get:
366 2408 477 2463 collatis
498 2411 521 2464 b.
593 2414 611 2460 4
629 2423 790 2462 revocemus
808 2408 857 2462 rB
868 2409 940 2464 Get:
961 2410 1043 2464 -cet
1056 2410 1080 2464 b.

65 2483 81 2530 ὅ
100 2480 132 2532 in
149 2481 223 2534 rubr.
238 2480 284 2547 (rb
296 2481 366 2549 coz.)
381 2478 427 2534 vel
446 2478 577 2549 siringiis.
597 2478 720 2533 XXVIH.
740 2480 803 2533 add.
819 2479 854 2533 B.
902 2478 959 2533 bin
975 2480 1037 2536 rB:
1053 2481 1082 2534 et

66 2548 135 2616 Get,
154 2549 183 2601 et
201 2547 276 2602 enim
293 2551 317 2604 b.
426 2551 594 2605 consuerunt
611 2551 648 2604 rb
659 2550 731 2605 Gela
751 2551 886 2603 -verunt
902 2550 938 2604 B.
1030 2566 1081 2620 pro

65 2617 255 2672 accidentium
265 2618 464 2688 (occidentium
477 2621 516 2690 B)
530 2622 590 2676 rB:
609 2619 839 2690 praecedentium
858 2621 943 2676 odel.
1000 2627 1016 2675 7
1031 2638 1081 2674 na-

63 2691 129 2743 tura
144 2688 336 2744 delicatiorrb
347 2691 406 2745 Get.
417 2691 531 2761 (Νεκῶς
546 2693 660 2746 coctura
675 2689 838 2761 diligentior
847 2692 919 2760 B(!).
980 2695 1081 2745 boom-

64 2761 211 2814 moveatur
229 2761 280 2814 cB
291 2761 362 2816 Get:
382 2763 499 2814 -vetur
517 2764 540 2817 b.
596 2767 612 2815 9
630 2761 661 2815 in
678 2761 732 2815 hoc
751 2762 818 2828 aet,
838 2778 904 2831 ergo
922 2761 953 2814 in
971 2762 1026 2815 hoc
1040 2763 1080 2817 B:

66 2848 100 2886 ex
118 2831 171 2885 hoc
191 2832 214 2885 b.
277 2836 311 2883 10
329 2830 362 2884 fit
380 2831 539 2885 condiloma
556 2850 572 2885 r
587 2831 768 2897 (condilloma
786 2832 837 2901 B):
856 2833 929 2886 fiunt
949 2832 1081 2887 condolo-

65 2902 144 2956 mata
164 2903 186 2956 b.
261 2902 458 2970 (erumpentes)
477 2900 630 2956 morroidos
649 2922 676 2972 r,
696 2902 883 2957 aemorroides
904 2904 972 2971 oet,
992 2919 1081 2957 emor-

64 2971 143 3045 roidp
163 2972 219 3027 bB.
347 2978 378 3026 11
399 2970 534 3026 exocadia
552 2973 597 3040 rb,
616 2973 751 3027 exocodia
769 2973 805 3028 B.
917 2971 1038 3043 siringia
1056 2993 1080 3042 r,

65 3041 191 3112 syringio
219 3044 291 3112 cer,
320 3041 455 3113 siringiae
479 3043 527 3097 bB
546 3045 574 3112 (c'.
594 3060 615 3098 e.
639 3043 761 3113 siringac
787 3060 840 3113 pro
868 3043 1008 3114 siringes).

66 3120 100 3167 14
109 3129 139 3168 er
160 3114 267 3170 orbB:
286 3130 352 3168 vcro
364 3116 422 3171 cet.
481 3113 1079 3184 attemptaveritrB:temptaveritblGet.).

65 3189 99 3237 15
113 3131 160 3238 vel
178 3184 207 3238 in
226 3203 261 3239 m.
282 3187 305 3240 b.
391 3186 520 3239 teruntur
538 3185 586 3240 bB
598 3186 670 3240 Gai:
689 3186 815 3238 terentur
832 3203 855 3240 r.
949 3190 982 3237 16
1000 3184 1080 3254 quip-

64 3254 142 3324 piam
160 3256 222 3309 oleo
241 3273 321 3311 roseo
339 3257 481 3311 erGel.
551 3272 566 3309 e
585 3256 714 3311 undet:
733 3271 768 3309 ex
785 3274 807 3311 r.
875 3255 985 3309 factum
1003 3257 1081 3310 cata-

64 3327 175 3395 plasma
195 3328 253 3383 Gel.
273 3335 298 3383 et
316 3330 377 3397 (om.
402 3327 520 3395 factum)
538 3345 565 3395 r,
591 3326 667 3379 facto
691 3326 896 3395 cataplasmate
915 3328 943 3394 b,
973 3326 1082 3380 lactum

64 3399 130 3452 cata
149 3397 270 3453 lasmabe
288 3399 324 3454 Β.
406 3405 438 3454 17
458 3397 623 3452 adhibemus
642 3398 710 3452 er
722 3397 779 3452 uer.
868 3402 900 3451 18
921 3396 1007 3452 debet
1024 3397 1082 3465 rB,

54 3416 271 3596 gglezsslullglol
280 3468 382 3595 Bpossit
398 3470 426 3526 b.
510 3467 764 3523 nam-habuerint
782 3485 831 3524 om.
852 3468 875 3523 b.
949 3467 1080 3522 marbais:
