2288 3878
85 170 150 237 236
398 169 589 224 rnronom
605 169 785 223 rurscam
806 150 809 155 '

35 336 77 403 18
176 346 332 418 postquam
359 334 435 395 vcro⁸
456 334 505 394 his
531 333 672 397 adhibitis
698 352 775 415 quae
805 336 946 397 sulficere
972 338 1097 401 arbitror

87 428 123 488 ad
156 427 253 487 omnia
286 422 460 503 corrigenda
490 440 566 503 quae
597 423 810 503 impedimento
843 429 1004 505 conceptui
1036 447 1096 490 esse

87 518 212 597 possint,
230 517 288 575 iam
307 515 351 576 utl
370 514 525 574 conveniet
543 511 590 573 his
607 511 724 574 dnobus
742 513 941 593 sequentibus
959 521 1096 595 pessariis

88 606 256 668 aromaticis
288 604 511 681 conceptionem
543 600 769 663 maturantibus.
819 602 853 663 ht
884 610 986 665 autem
1020 609 1096 686 prius

60 696 142 756 shoc
170 693 265 754 modo.
312 709 380 751 cera
407 688 486 769 alba,
513 688 598 768 adipe
626 689 814 771 gallinarum,
842 691 1048 755 terebinthina
1072 704 1096 756 et

86 783 211 845 nardino
235 780 309 860 oleo,
326 780 375 839 his
393 777 532 839 omnihus
550 796 587 838 cx
605 796 700 858 aequo
719 777 825 840 solutis
844 781 1006 860 eoagctlum
1024 783 1095 864 lcpo

86 876 129 934 ris
153 872 349 933 admiscemus
373 875 403 928 et
425 867 481 928 hoc
503 874 572 946 post
593 867 809 947 encolpismum
832 861 1041 949 supponimus.

176 958 254 1020 aliud
282 976 351 1017 vero
380 955 518 1016 omnihus
545 957 811 1034 experimentatum
837 956 946 1019 usibus
975 978 1096 1041 sequens

86 1050 142 1110 hoc
166 1057 220 1109 est.
265 1048 390 1107 cassiam
413 1043 554 1124 fistulam,
577 1043 689 1126 lolium,
712 1048 824 1124 spicam
846 1045 995 1130 indicam,
1025 1068 1095 1110 amo-

47 1156 73 1195 ro
86 1157 167 1200 mum
191 1140 222 1197 in
246 1138 342 1197 unciis
367 1133 490 1212 siugulis
510 1135 608 1193 omnia
627 1133 779 1195 cribellata
802 1152 870 1194 cum
895 1136 1036 1216 stalylino
1053 1145 1097 1199 aut

86 1227 213 1288 nardino
237 1225 301 1286 oleo
325 1232 445 1303 accepto
469 1220 590 1300 coagtdo
613 1221 723 1301 leporis
747 1221 956 1286 admiscemus.
1001 1235 1031 1288 et
1047 1227 1096 1288 hoc

88 1317 221 1395 pessaria
245 1312 348 1373 ordine
372 1311 503 1371 adhibito
526 1312 582 1371 rite
606 1319 652 1371 est
675 1318 818 1373 maturata
842 1317 1011 1393 conceptio.

36 1401 77 1465 19
138 1463 143 1470 ,
177 1404 235 1461 iam
254 1407 382 1461 nuncet
401 1401 588 1478 superiorum
602 1401 802 1478 pessariorum
821 1405 963 1463 convenit
982 1405 1097 1466 subiun-

89 1507 159 1567 gere
183 1489 436 1567 compositionem.
486 1489 652 1566 pessarium
675 1488 723 1549 dia
742 1487 848 1568 chylon
871 1499 977 1553 contra
1002 1511 1097 1554 omnes

49 1593 75 1634 rs
89 1577 296 1639 conclusiones
314 1575 505 1636 utilissimum
526 1584 555 1636 et
571 1576 735 1656 probatum.
763 1576 818 1637 lini
836 1595 940 1640 semen
959 1579 1097 1642 althacam

89 1804 166 1872 (-p)
185 1800 363 1872 gallinarum.
382 1800 540 1871 terbenting
560 1799 614 1854 olei
634 1801 746 1855 nardini
764 1801 808 1855 his
828 1801 959 1857 omnibus
980 1821 1015 1859 ex
1034 1821 1099 1875 equo

91 1873 198 1929 solutis.
218 1871 367 1944 coagulum
381 1871 484 1941 leporis
498 1871 691 1927 amisceamus.
711 1875 740 1927 et
752 1872 806 1926 hoc
819 1875 885 1943 post
899 1874 1100 1947 encolpismnm

41 1997 45 2005 ,
91 1963 122 1999 su
163 1961 285 1999 onemus.
310 1945 417 2012 (deinde
435 1960 507 1998 noca
524 1943 612 2011 baem)
635 1942 709 1997 Nam
729 1945 758 1998 et
779 1942 937 1999 masculum
955 1948 1100 2018 concipiet.

90 1964 228 2086 gebidarum
261 2017 347 2070 testes
383 2013 408 2067 si
440 2013 557 2068 subinde
589 2015 719 2083 acceptos
752 2013 852 2069 mulier
883 2015 1002 2073 devorat
1032 2035 1101 2073 mas-

90 2087 183 2142 culum
212 2086 343 2156 concipit.
379 2085 450 2139 Item
478 2084 502 2138 si
525 2083 646 2139 voluerit
674 2084 775 2139 mulier
801 2085 922 2156 gravida
948 2088 1020 2146 fieri.
1054 2089 1101 2144 ali·

88 2160 157 2229 quid
185 2160 219 2214 da
243 2156 375 2212 membris
404 2171 549 2210 corvorum
576 2156 695 2209 duorum
718 2172 810 2210 seeum
833 2155 948 2213 habeat.
972 2163 1102 2231 (sequitur

89 2231 130 2285 De
146 2231 266 2298 aborsu).

161 2325 176 2372 1
200 2321 350 2389 postquam
369 2317 472 2384 (nielles
489 2317 563 2385 post)
579 2359 585 2370 .
601 2356 606 2368 .
624 2360 628 2370 .
646 2314 690 2368 his
710 2315 847 2370 adhibitis
866 2316 947 2386 (hace
973 2320 1102 2376 adhibita

87 2407 156 2446 corr.
173 2391 254 2459 Geli:
272 2392 312 2445 sic
326 2389 432 2458 chrp
444 2387 503 2442 θεῖ.
558 2392 573 2439 2
593 2386 741 2456 conceptui
754 2387 815 2458 Bp:
836 2389 916 2442 -bus
935 2391 979 2459 fv,
999 2396 1067 2447 -tu
1080 2411 1101 2447 r.

89 2484 104 2532 3
123 2477 233 2547 possint
257 2477 328 2532 deta
356 2478 473 2543 possunt
492 2478 579 2544 (-st)
597 2493 627 2546 p,
649 2481 669 2529 1'1
692 2477 810 2544 possunt
827 2478 887 2545 rB,
913 2479 1044 2548 npossic
1061 2483 1101 2549 sc.

89 2548 237 2601 conveniet
254 2548 353 2615 Bfrp:
374 2545 452 2599 -nit
469 2565 494 2602 o.
567 2545 679 2616 &prius
695 2547 766 2602 Gal:
784 2546 861 2615 prior
879 2549 914 2613 B,
933 2551 1043 2617 primus
1058 2554 1099 2620 sc,

88 2617 180 2688 primii
194 2635 238 2688 rp.
309 2623 404 2670 beera
422 2616 618 2689 albanorp:
637 2633 699 2690 carp
720 2617 784 2686 albc
799 2620 815 2672 b
829 2621 863 2687 (o.
879 2621 917 2672 nd
931 2625 1101 2692 p.235,17).

90 2687 136 2742 adi
158 2705 173 2743 a
197 2691 292 2758 (-pes
314 2705 363 2758 ry,
387 2691 441 2757 —p
456 2690 482 2757 b)
505 2687 676 2758 gallinarum
702 2690 805 2761 Rptop
835 2688 927 2758 adipis
950 2691 1101 2762 (alapisf)

89 2706 263 2831 gallinaceos
281 2759 382 2827 l-tios
401 2761 429 2828 o)
448 2760 490 2825 fc.
594 2759 816 2815 terebentiuaeia
834 2762 852 2827 f
861 2763 944 2828 (-na
962 2764 1030 2833 rel).

91 2837 106 2884 6
125 2830 244 2884 nardina
263 2829 327 2885 oleri
345 2831 466 2899 rfo(-o
484 2829 530 2898 B).
627 2834 641 2883 t
661 2829 761 2900 ad(a·-
775 2831 952 2902 p)miscemus
971 2833 1000 2887 Β
1005 2852 1023 2905 p
1035 2833 1102 2902 Get,

92 2901 214 2957 -eimus
233 2903 279 2970 fv:
299 2900 483 2956 dmisceamus
498 2902 522 2956 h.
596 2901 777 2970 supponimus
791 2905 866 2973 serp
878 2903 948 2958 Gel:
968 2920 1103 2959 —nemus

91 2975 146 3029 Bb.
203 2978 219 3026 9
238 2972 359 3028 cassiam
377 2979 423 3028 ele.
439 2974 516 3041 (ace.)
534 2973 574 3026 B:
594 2971 686 3025 cassia
704 2980 751 3028 ete.
767 2976 858 3043 (nom.)
876 2975 959 3044 forp.
1025 2975 1104 3030 fistu-

90 3045 148 3098 lam
166 3046 206 3100 B:
226 3062 275 3100 ooo
294 3046 347 3111 rfn
359 3044 416 3101 Gal.
492 3048 525 3097 10
539 3041 569 3096 in
582 3041 672 3095 unciis
692 3044 946 3113 singulisBlGel.):
966 3061 1030 3102 ans.
1047 3063 1103 3100 una

90 3117 189 3184 unas,
209 3115 350 3177 anag-1.
369 3132 434 3186 osy.
507 3112 656 3168 cribellata
674 3115 784 3170 BGebz
804 3116 930 3183 occasu
1004 3123 1037 3170 11
1054 3119 1103 3172 ad·

91 3185 238 3240 miscemus
257 3187 294 3254 B,
314 3185 436 3240 -cimus
454 3186 501 3252 fn:
521 3184 701 3238 admiscemus
720 3202 765 3256 ry.
875 3192 907 3239 12
927 3202 951 3240 0.
971 3186 1103 3243 adhibito
1123 3240 1126 3245 ,

90 3258 144 3311 rite
164 3260 207 3311 est
225 3259 367 3311 maturata
385 3272 407 3310 c.
427 3255 468 3325 B,
496 3271 520 3310 o.
545 3253 674 3308 adhibito
697 3257 773 3310 recte
796 3259 840 3311 aab
860 3259 1005 3311 maturata
1024 3276 1046 3314 c.
1067 3278 1103 3330 γρ

91 3329 155 3398 (erit
172 3327 342 3383 maturanda
357 3327 438 3396 Geli:
459 3342 483 3381 o.
503 3323 633 3380 cambitu
647 3327 725 3394 (-tu
743 3328 772 3395 f)
791 3326 815 3381 si
833 3330 908 3382 recte
923 3329 1000 3397 (—ba
1014 3332 1041 3398 o)
1060 3332 1104 3384 est

90 3402 233 3454 maturata
252 3416 275 3453 c.
293 3401 335 3467 fo.
451 3402 485 3451 13
504 3400 534 3451 at
551 3395 725 3466 superiorum
742 3397 854 3454 Mel:
873 3401 903 3453 ab
922 3398 1060 3469 superiori
1079 3419 1103 3467 r,

90 3487 125 3526 ax
144 3487 326 3542 supernorum
338 3485 364 3541 p,
383 3470 413 3524 el
426 3465 614 3539 superioribus
627 3468 662 3534 fo
676 3468 720 3536 (ef.
736 3471 844 3538 p.229,
857 3471 910 3538 11).
984 3475 1019 3524 14
1041 3468 1103 3525 dia

90 3542 189 3613 puilon
207 3543 286 3612 Bfo,
305 3539 429 3597 diaeilon
445 3557 491 3612 νς.
564 3535 725 3596 ibraminis
743 3539 785 3605 fo.
859 3538 936 3594 aliea
952 3542 1017 3611 fop.
