2288 3878
72 147 138 212 364
298 148 577 201 aurmoranmu
594 143 864 200 nnuxnnnnusn.

72 323 101 374 et
120 313 224 372 leviter
241 312 427 393 lomentabis,
446 331 484 372 ne
503 312 567 372 loca
587 312 814 373 contundantur.
833 318 939 390 postea
958 312 1089 392 detergis

73 401 232 480 diligenter
256 409 286 461 et
308 403 380 463 iacis
405 400 581 480 cataplasma
605 401 641 461 de
672 401 757 460 laeuo
780 418 886 478 graeco
911 407 942 460 et
965 400 1021 461 lini
1046 421 1089 461 se-

72 493 153 551 minc
177 498 207 550 et
233 490 343 569 polline
370 489 527 550 hordeacia
550 492 583 549 in
610 508 685 568 aqua
709 496 739 548 et
762 488 826 548 oleo
854 488 974 548 modico
1004 490 1089 550 melle

73 588 163 641 cocta.
183 579 361 658 cataplasma
380 577 497 637 inducis
516 586 547 638 et
559 580 655 656 ponis.
680 579 777 638 omnia
796 577 860 637 loca
875 596 944 636 cum
963 578 1090 638 testibus

74 670 273 747 percooperis.
310 667 366 726 hoc
403 666 516 726 tamdiu
552 667 625 726 iacis
665 666 806 745 quamdiu
838 665 923 725 dolor
960 667 1122 727 recedat.⁵

73 756 180 816 deinde
205 755 346 834 decoquis
370 754 506 815 adarcem
529 757 684 833 origanum
704 763 734 814 et
750 753 976 835 petroselinum,
1001 763 1031 815 et
1050 758 1091 815 sic

73 844 157 905 dabis
180 846 331 923 potionem
355 861 424 903 cum
446 843 563 903 modico
586 843 682 903 melle.
706 843 890 903 medicamen
910 850 1012 904 autem
1031 845 1091 904 dia·

72 933 195 994 meliton
228 932 324 991 solves
357 950 425 991 cum
462 939 563 990 ceroto
595 931 770 991 mollissimo
794 938 824 990 et
856 950 925 990 eum
953 932 1091 1011 adipibus

73 1022 194 1100 pullinis
218 1021 265 1080 vel
283 1019 453 1099 porcellinis
478 1027 508 1079 et
526 1020 710 1080 medicamen
729 1019 881 1100 basilicon,
905 1022 947 1079 ita
970 1029 1006 1080 ut
1024 1029 1091 1081 ante

74 1110 198 1189 clystere
222 1105 295 1190 <ei>
319 1111 370 1187 qui
397 1110 508 1187 patitur
536 1110 688 1169 exinanias
712 1101 827 1169 stercus
855 1115 966 1190 totum,
994 1118 1025 1169 et
1049 1113 1091 1170 sio
1104 1123 1124 1161 1⁰

75 1198 195 1258 curabis
218 1217 295 1260 eum.

44 1285 63 1348 3
163 1286 316 1346 Confectio
331 1286 540 1346 medicamenti
557 1285 598 1345 ad
617 1288 805 1345 matricem
823 1285 1017 1345 curandam
1037 1286 1091 1345 vel

73 1382 256 1450 menstrua
285 1374 518 1452 provocanda.
551 1376 648 1453 primo
677 1374 885 1452 suffumigatur
912 1373 1022 1434 mulier
1047 1393 1090 1435 se-

74 1462 148 1521 dens
171 1462 208 1521 dc
232 1470 358 1542 storace,
380 1469 447 1522 ante
472 1465 603 1541 quinque
623 1463 687 1523 dies
707 1461 973 1541 quam'menstrua
996 1465 1027 1522 ei
1046 1482 1090 1522 so-

73 1550 136 1609 lent
150 1552 265 1630 ·venire,
284 1557 313 1609 et
332 1551 548 1630 encolpidiatur
566 1553 726 1631 pigmentis
741 1569 815 1630 quae
834 1551 960 1611 inferius
981 1555 1090 1631 scripta
1101 1561 1122 1601 1⁵

75 1645 151 1698 sunt.
176 1637 331 1717 diachylon
354 1643 441 1700 uncia
464 1658 536 1719 una,
559 1639 703 1700 basilicon
727 1642 879 1700 semuncia
902 1658 976 1720 una,
1005 1659 1089 1701 cerae

74 1730 211 1806 ponticae
224 1742 261 1790 ÷
274 1727 296 1808 Ι,
316 1729 411 1808 adipis
431 1730 563 1788 anserini
575 1743 613 1790 ÷
627 1728 649 1809 l,
668 1728 767 1791 oleum
784 1727 926 1788 liliaoium
947 1737 1089 1807 quantum

73 1819 277 1878 necessarium
301 1817 399 1877 fuerit.
424 1819 539 1897 speeies
563 1824 661 1877 autem
684 1817 780 1876 solves
799 1835 868 1876 cum
892 1816 958 1875 oleo
981 1815 1089 1878 liliacio

74 1908 115 1966 ita
142 1914 175 1966 ut
202 1925 284 1966 zema
312 1925 380 1967 cum
409 1924 484 1984 aqua
517 1924 607 1984 super
634 1905 733 1965 focum
760 1905 877 1985 bulliat,
905 1911 935 1964 et
964 1905 1090 1968 alterum

74 2014 156 2055 zema
180 2014 248 2055 cum
272 1994 449 2073 supradietis
473 1994 696 2054 medicamentis
720 2012 756 2053 ex
785 1993 843 2052 olei
865 2011 975 2072 vapore
999 1995 1123 2055 laciastt

75 2083 223 2144 calescere
253 2090 287 2142 ut
314 2085 357 2143 sio
386 2082 544 2142 solvantur.
573 2090 603 2142 et
630 2101 698 2143 cum
726 2083 860 2161 coeperis
888 2080 964 2142 velle
993 2083 1103 2144 encol-v

74 2173 198 2253 pidiare,
222 2180 381 2249 antequam
404 2170 585 2248 encolpidies
609 2180 743 2230 ventrem
766 2173 829 2230 eius
854 2188 924 2229 cura
949 2170 985 2230 de
1012 2175 1090 2232 sucis

75 2264 208 2339 ptisanae
232 2262 358 2319 nimium
381 2260 542 2338 discoctae,
570 2261 694 2319 inmixto
719 2259 839 2337 clysteri
867 2257 931 2317 oleo
962 2264 1090 2321 anetino.

75 2356 105 2408 et
127 2356 195 2428 post
217 2351 306 2407 istam
328 2349 520 2408 iniectionem
543 2349 569 2406 si
594 2349 730 2427 purgatio
759 2353 981 2407 menstruorum
1005 2348 1092 2428 plena

74 2455 135 2496 non
158 2437 248 2496 tuerit
272 2434 443 2514 subsecuta,
471 2434 554 2495 dabis
579 2438 606 2494 ei
629 2436 782 2515 pulverem
805 2437 905 2515 piorae
930 2454 998 2496 cum
1023 2440 1091 2498 vino
1104 2448 1128 2489 11

76 2531 105 2583 et
128 2523 214 2583 melle
234 2530 264 2582 et
282 2521 376 2582 calida
393 2525 582 2600 permixtum.
607 2525 659 2584 sed
679 2533 746 2584 ante
766 2531 904 2603 quartum
922 2523 1003 2596 diem
1023 2545 1092 2586 con·

76 2620 176 2672 suetae
195 2612 380 2690 purgationis
399 2613 439 2670 ita
464 2629 534 2670 cura
553 2618 586 2670 ut
605 2620 763 2692 antequam
783 2611 974 2693 encolpidies,
993 2617 1091 2694 primo

75 2701 111 2760 de
131 2718 202 2760 suco
216 2701 349 2778 ptisanae
368 2699 517 2759 discoctae
542 2719 610 2760 cum
629 2704 748 2762 anetino
766 2701 832 2761 oleo
849 2707 985 2761 ventrem
1004 2722 1092 2764 cures

76 2797 105 2849 et
129 2791 172 2850 sic
196 2787 385 2866 encolpidies.
419 2795 449 2848 et
470 2788 527 2848 hoc
551 2807 646 2868 usque
670 2790 706 2850 ad
730 2790 810 2850 diem
836 2792 1038 2871 purgationis,
1067 2794 1092 2851 si

74 2879 325 2956 neccsselucrit,
352 2876 399 2936 his
426 2879 457 2936 in
481 2877 529 2936 die
553 2877 658 2958 facim,
685 2886 715 2938 et
742 2896 904 2956 numquam
926 2879 1091 2940 anhelitum
1104 2893 1127 2932 ³⁰

74 2969 121 3027 vel
144 2967 277 3027 dolorem
302 2966 446 3026 stomachi
469 2969 607 3045 patietur.

147 3154 321 3208 (taderceB.
369 3154 601 3210 idiamelitosB.
657 3160 691 3209 1ο
705 3153 732 3207 ei
745 3154 851 3208 addidi.
898 3153 1091 3212 exinaniesB.

76 3229 109 3277 13
130 3221 369 3293 diffumigaturB.
426 3231 460 3279 15
475 3223 667 3294 encolpizatur
685 3226 718 3280 ed
732 3226 808 3292 (item
825 3225 925 3292 iufra).
982 3231 1016 3281 16
1032 3227 1092 3281 dia-

75 3293 173 3363 quilon
192 3295 227 3348 B.
290 3295 382 3350 uncia..
401 3296 422 3352 1.
444 3298 506 3365 (stc)
526 3296 562 3351 B.
636 3301 669 3349 17
687 3295 815 3364 pomioae
830 3294 858 3346 B
878 3295 1010 3363 (punicae
1029 3301 1090 3366 ed).

77 3372 110 3420 19
124 3380 203 3419 zema
219 3365 247 3417 B
261 3365 410 3433 (medietas
424 3368 484 3437 ed).
539 3365 659 3421 alteram
673 3382 781 3420 aemam
794 3366 830 3420 Β.
886 3371 921 3420 20
940 3382 987 3422 ex:
1007 3371 1037 3423 et
1055 3371 1090 3425 B.

76 3443 109 3491 22
129 3434 309 3504 encolpidare
330 3439 391 3505 (sic)
411 3438 447 3492 B.
517 3442 551 3490 28
569 3436 687 3490 nimium
701 3438 729 3490 B
743 3434 865 3505 (fortiter
883 3437 943 3505 ed).
1001 3444 1035 3492 25
1049 3439 1091 3509 pi-

65 3508 185 3582 graeB.
248 3513 281 3563 26
296 3506 611 3578 sed-(netenoolpidies
625 3508 749 3565 eiciendo
762 3508 944 3574 videaturaut
958 3509 1090 3581 dittoqr).

291 3782 378 3808 Αἱ
755 3786 861 3808 Α..
897 3771 900 3776 '
