2288 3878
317 184 549 239 momordit
566 186 824 241 Finuonnuou.
1019 186 1078 250 101

62 350 234 415 adhibenda
262 358 346 433 sunt,
378 350 487 430 qinons
515 350 565 411 illa
592 369 661 411 earo
690 357 829 428 corrupta
858 358 888 409 et
915 352 1081 411 elieminala

63 442 159 503 valeat
186 440 292 501 durari
319 438 366 499 vel
393 441 509 518 stringi
554 440 602 499 his
629 440 803 518 frequenter
826 456 913 497 ueros
936 442 1081 500 trociseus

63 530 187 611 profuit,
210 530 265 608 qui
287 528 446 589 eonlloitur
469 546 505 589 ex
524 528 661 607 sinopide
680 526 808 588 alumine
828 528 922 585 seisso
942 530 1082 605 aerugine

65 626 95 681 et
115 618 232 681 eummi
254 614 310 677 eulr
333 634 428 695 aequa
450 616 663 695 ponderatione
687 634 755 676 oum
779 622 861 675 aceto
881 615 1041 693 dispositis,

153 706 256 767 omnia
291 704 448 773 linimenta
483 705 530 764 vel
566 705 740 765 irieamenta
773 722 847 783 quae
885 706 1014 782 pruritui
1051 706 1081 763 in
1109 720 1115 753 -·

68 792 289 875 superioribus,
316 810 373 854 neo
396 809 456 853 uon
479 795 568 854 etiam
597 792 709 854 scabiei
736 794 941 854 convenientia
970 793 1082 870 signiti-

68 886 209 963 tuumne,
233 882 324 943 etiam
345 880 394 941 his
417 889 485 960 apta
503 899 570 942 esse
590 889 619 941 et
638 881 721 943 utilia
741 899 953 941 asseveramus
992 880 1082 958 aliqui

67 990 133 1033 rero
160 971 253 1032 etiam
270 972 408 1049 vipereas
431 987 537 1031 earnes
559 972 591 1030 in
615 970 698 1030 eibos
721 973 973 1031 ministraverunt.
1012 988 1082 1046 qua-

67 1068 168 1121 ternos
196 1058 307 1137 digitos
334 1059 368 1117 iu
395 1075 534 1119 mensura
561 1065 622 1118 tarn
650 1078 666 1118 a
694 1061 790 1137 eapite
820 1077 908 1137 quam
931 1076 967 1117 ex
991 1057 1083 1117 rauda

67 1147 284 1227 praecidentes,
306 1144 372 1205 oleo
395 1153 425 1206 et
447 1145 506 1206 sale
531 1147 664 1207 conditas
679 1143 732 1225 <in
752 1147 871 1207 modum
887 1146 1083 1224 anguillarum
1100 1160 1115 1196 1⁴

68 1236 197 1299 edendas
219 1234 453 1315 apposuerunt).
494 1242 524 1295 et
546 1236 746 1314 proiecerunt.
784 1232 896 1314 <addes
921 1235 957 1294 de
977 1252 1082 1313 graeco

68 1342 155 1403 quam
176 1319 339 1403 plurima.)

136 1516 152 1565 2
168 1509 266 1564 durari
278 1509 327 1565 rel
342 1508 443 1581 stringi
456 1511 504 1566 rB
516 1511 587 1567 eeu
601 1512 753 1580 perdurare
763 1514 822 1580 (oie)
832 1513 878 1567 vel
893 1512 1047 1583 constringi
1058 1514 1082 1567 b.

66 1588 82 1635 i
99 1582 240 1651 xeroe(ef.
254 1582 349 1636 Dione.
365 1584 456 1647 5,111
476 1599 534 1651 eap.
550 1583 582 1636 de
596 1583 743 1651 sinopide):
763 1585 834 1637 eires
848 1585 876 1637 B
891 1584 987 1653 (cirros
1004 1585 1082 1651 oet),

67 1652 157 1722 epiros
177 1654 202 1720 b,
223 1651 337 1720 ehyrros
356 1668 379 1706 r.
470 1652 689 1706 toonfieiuntur
707 1655 832 1721 r(eolua).
915 1655 1001 1708 scisso
1022 1653 1082 1707 alu-

66 1724 140 1778 mine
150 1722 300 1793 eigummi
310 1723 378 1789 oet,
389 1721 512 1776 alumine
522 1722 616 1777 seisso.
634 1721 757 1791 erugiue.
773 1725 802 1775 et
810 1725 918 1791 gummi
927 1728 1049 1793 (gumme
1056 1725 1083 1791 t)

65 1796 114 1851 rb:
133 1794 173 1848 el.
192 1792 281 1847 seisso
300 1791 417 1866 prugiue
436 1795 465 1847 et
483 1793 593 1862 eymino
612 1795 648 1848 B.
742 1799 759 1845 4
778 1809 841 1845 eum
859 1795 977 1849 rodet:
996 1795 1027 1848 in
1045 1795 1082 1847 B.

66 1863 212 1935 dispositis
228 1864 301 1919 eeu:
316 1864 397 1916 —tus
410 1864 471 1933 rB,
491 1863 650 1933 disponitur
664 1865 693 1932 b,
712 1865 760 1932 put
770 1865 861 1932 pergit
878 1865 943 1918 leaeo
962 1867 1084 1919 deserens

66 1936 111 1991 Sie
129 1936 161 1989 et
179 1933 325 1988 diaeituen
343 1932 532 2003 (dieehidnon)
550 1934 659 2003 tyriaee
682 1951 736 2005 qup
760 1949 794 1986 ex
816 1934 876 2000 tull.
892 1933 1006 2001 vi)peris
1025 1940 1083 1986 ea’rr

66 2008 114 2073 (oie
126 2020 184 2075 pro
202 2003 334 2074 efficitur)
352 2002 432 2058 euius
455 2005 658 2059 confessionem
676 2007 704 2073 (l.
720 2003 932 2070 confectionem)
952 2002 985 2055 in
1004 2002 1083 2056 sub-

66 2074 228 2146 sequenti
246 2091 314 2129 non
331 2076 465 2129 taceam
479 2079 515 2146 (l).
536 2077 570 2143 ef.
590 2079 622 2130 iu
640 2082 707 2130 extr.
727 2093 786 2144 eap.
844 2080 875 2145 ,5
895 2073 990 2126 omnia
1010 2074 1082 2128 Gela

66 2146 163 2201 omnia
180 2144 269 2199 etiem
287 2146 315 2199 B
329 2145 434 2212 (omnia
452 2146 497 2199 his
517 2149 550 2215 t).
617 2144 946 2215 quae-significavimus
964 2146 1012 2198 rB
1024 2144 1083 2198 oei.

65 2218 121 2285 (eod
137 2214 252 2285 pruritu
263 2222 292 2270 et
309 2213 404 2288 seabip
418 2218 456 2284 rl:
476 2233 530 2289 qup
548 2217 659 2286 pruritu
677 2217 723 2271 vel
742 2215 836 2288 scabie
856 2232 907 2270 nee
925 2232 982 2268 non
996 2213 1084 2269 etiam

66 2290 95 2341 et
110 2284 233 2341 meeulio
252 2301 273 2339 s.
294 2286 318 2340 b.
374 2290 389 2339 7
409 2302 470 2341 esse
490 2289 520 2340 et
536 2288 634 2343 ridet:
654 2304 703 2341 seu
721 2289 757 2356 Β,
813 2286 914 2354 aliqui:
933 2288 968 2353 ot'.
985 2287 1082 2341 Galen.

68 2358 142 2427 ΧΠ,
156 2360 214 2413 312
227 2372 283 2426 sqq.
339 2360 355 2408 8
369 2356 497 2426 vipereas
517 2374 614 2411 earnes
628 2360 664 2414 rb
676 2359 747 2414 Get:
768 2374 851 2427 super
865 2374 912 2412 eos
932 2373 1031 2411 earnes
1046 2357 1081 2410 B.

65 2444 95 2499 iu
111 2444 194 2500 eibos
206 2442 319 2513 r(inter
333 2442 409 2498 eibos
426 2445 507 2515 Gel.):
526 2445 618 2500 inteas
628 2473 662 2491 =
673 2446 795 2501 intereas
809 2448 837 2501 B
847 2449 884 2516 (l).
940 2446 1082 2501 ministra-

65 2518 166 2571 verunt
179 2517 256 2585 (-re
278 2514 348 2583 eet)
360 2516 408 2570 rB
419 2517 491 2572 Get:
511 2517 635 2570 edendas
654 2519 815 2586 optulerunt
834 2520 858 2573 b.
941 2524 956 2571 9
977 2519 1035 2573 sale
1054 2536 1081 2574 r:

65 2586 174 2641 salibus
197 2586 297 2641 Boeo.
414 2603 448 2640 ex
470 2588 568 2643 rGel.:
597 2590 626 2641 et
645 2605 661 2641 a
680 2590 791 2658 (cauda)
805 2590 842 2643 B.
961 2596 994 2644 10
1017 2607 1082 2644 eon-

66 2658 141 2713 ditor
158 2657 191 2711 in
208 2656 326 2711 modum
340 2698 347 2711 .
359 2700 382 2712 ..
398 2660 589 2727 opposuerunt
603 2661 691 2728 (δίων
708 2662 796 2715 solua:
815 2660 952 2716 conditas.
972 2665 1001 2715 et
1019 2676 1082 2731 pro·

64 2728 192 2785 feeerunt
205 2728 279 2796 Get,
299 2726 476 2783 condimento
494 2729 659 2798 profuerunt
672 2731 708 2784 B.
727 2738 846 2786 extrema
862 2734 927 2787 leaeo
945 2735 985 2788 sie
1002 2733 1084 2787 tutet

66 2800 93 2855 b:
112 2798 174 2865 Quo
192 2796 340 2869 quaternis
360 2798 458 2868 digitis
477 2802 660 2856 mensuratus.
684 2802 744 2855 tam
759 2802 859 2871 eapite.
886 2819 972 2872 quam
991 2801 1085 2856 eundi.

64 2870 243 2940 preeidentes
263 2867 357 2922 medie
375 2886 441 2924 vero
461 2874 624 2925 exenterata
642 2889 717 2940 aqua
735 2873 825 2927 multa
844 2873 878 2926 de
897 2874 957 2926 lota
976 2871 1038 2926 oleo
1053 2872 1083 2923 et

65 2942 131 2997 eale.
157 2944 188 2998 et
212 2941 298 2995 aneto
322 2940 421 2994 addita
443 2945 508 3009 post
530 2942 685 2997 eoetionem
708 2943 853 2998 dederunt.
881 2946 910 2997 et
927 2941 1083 2997 remedium

65 3016 130 3069 eunt
146 3010 258 3082 adepti.
298 3078 303 3089 Ι
374 3018 405 3064 11
425 3014 457 3066 e'u
474 3030 530 3068 oeno
549 3016 638 3069 codiee
656 3015 684 3067 B
702 3017 752 3069 leoe
769 3031 828 3083 eop.
848 3016 1013 3069 terminetur
1030 3013 1082 3065 loeo

64 3086 190 3141 clausula
212 3080 323 3136 Addis
346 3080 386 3136 de
409 3099 509 3152 greco
532 3100 631 3152 quem
653 3084 810 3154 plurima.
843 3102 912 3154 quoe
935 3090 985 3138 aut
1001 3098 1082 3136 seusu

65 3164 155 3213 eormt
167 3160 222 3211 aut
239 3155 469 3223 praeconialiter
483 3158 603 3211 auctoris
616 3157 754 3226 exemplar
772 3162 903 3225 spectant,
917 3157 988 3210 sieut
1003 3150 1082 3216 iude

66 3226 133 3281 lli
145 3245 169 3284 e.
185 3232 205 3282 9
224 3226 287 3293 (om.
306 3224 431 3293 owed).
