2288 3878
454 186 724 238 ADDITAMENTA.
1029 182 1095 246 343

75 344 180 412 siccae,
200 344 373 396 sandaracae
393 359 449 396 ana
467 355 503 402 ÷
516 343 536 397 Ι.
562 341 691 396 omnibus
710 340 787 395 tritis
804 340 935 409 pastillos
954 341 1042 396 facito
1065 345 1094 397 et

75 424 166 477 siccos
185 438 297 492 repone,
317 424 428 477 etcum
447 439 517 491 opus
535 421 629 489 fuerit,
649 421 785 476 carbones
800 420 830 474 in
849 420 933 474 scafio
952 421 1048 475 mittes
1064 423 1093 475 et

74 505 88 558 I
106 504 259 558 trociscum
277 503 323 558 vel
338 503 364 556 ll
382 501 490 556 ibidem
508 501 583 556 intra
603 501 718 555 scafium
738 517 822 570 supra
841 499 976 554 carbones
995 517 1091 569 pones,

74 587 104 639 et
123 582 226 636 mulier
243 600 328 652 supra
348 581 472 635 dimissis
486 580 613 635 vestibus
633 585 771 650 apparata
792 581 897 648 sedeat,
917 581 949 633 ut
967 579 1027 648 ipse
1043 596 1092 633 va·

73 680 126 732 por
146 662 183 716 ad
202 662 262 717 eius
281 661 418 716 interiora
435 660 591 730 perveniat.
1108 674 1120 715 5

146 742 224 797 item.
244 741 427 811 emplastrum
446 740 484 795 ad
502 742 645 794 menstrua
663 739 851 810 provocanda.
876 738 968 793 faeces
987 737 1048 791 vini
1064 749 1093 800 et

75 822 205 892 apiorum
223 821 293 876 folia
311 820 416 875 viridia
436 820 519 874 simul
537 819 618 889 trita,
638 823 667 875 et
686 819 811 874 calidum
830 818 905 873 circa
925 816 1093 871 umbilicum

75 901 221 971 imponito,
249 901 326 955 item.
356 903 475 969 nepetae
499 917 596 954 sucum
621 917 685 954 cum
712 899 859 953 meliorato
886 897 977 952 bibat.
1013 897 1091 951 item.

75 982 126 1036 alii
144 981 260 1051 purgati
277 994 314 1039 ÷
327 981 348 1048 Ι,
367 980 472 1049 piperis
492 981 565 1049 ÷1,
584 980 719 1034 bacamm
738 978 812 1032 lauri
831 993 866 1039 -;-
880 978 944 1046 IIII,
971 976 1092 1031 castorei

73 1076 110 1122 ÷
123 1061 184 1129 ΠΗ,
204 1059 262 1129 opii
276 1072 311 1118 -·,-
324 1059 385 1127 ΠΙΙ,
404 1061 485 1113 rutae
504 1052 612 1128 viridis,
631 1059 702 1128 picis
722 1058 849 1127 liquidae
868 1075 923 1112 ana
937 1072 973 1117 ÷
986 1058 1021 1125 ΙΙ,
1037 1057 1088 1111 bu·
1104 1072 1130 1112 ιο

74 1140 131 1208 tyri
149 1153 185 1198 ÷
198 1141 223 1208 Ι,
248 1138 303 1194 olei
325 1138 399 1192 rosei
423 1142 561 1207 quantum
584 1139 696 1193 sufficit.
727 1139 822 1194 omnia
845 1138 998 1208 diligenter
1016 1137 1088 1191 trita

75 1220 141 1287 sint,
160 1221 190 1272 et
208 1221 345 1286 quantum
363 1217 443 1271 nucis
463 1221 506 1272 est
524 1218 700 1288 magnitudo,
719 1217 821 1271 mulier
839 1217 894 1271 sibi
914 1217 1045 1271 subiciat.

146 1297 266 1351 vulturis
286 1300 392 1351 stercus
416 1297 446 1350 in
470 1297 555 1351 seatio
579 1315 662 1366 snper
684 1297 820 1352 carbones
839 1296 965 1367 impone,
990 1301 1019 1352 et
1043 1299 1091 1352 de·

77 1394 160 1445 super
178 1377 279 1431 mulier
295 1375 417 1429 dimissis
433 1376 559 1430 vestibus
575 1377 680 1446 sedeat,
699 1394 764 1432 mox
778 1376 954 1447 purgabitur.
981 1377 1090 1432 inulam

75 1459 105 1510 et
123 1459 217 1509 rutam
235 1473 298 1509 cum
311 1472 395 1523 passo
410 1455 513 1510 cretico
528 1456 558 1510 in
570 1456 694 1526 pultario
710 1473 806 1525 coque,
826 1459 855 1511 et
873 1455 969 1512 ieiuna
987 1459 1089 1512 mulier
1104 1477 1130 1518 15

74 1537 164 1590 bibat.
194 1535 319 1589 satureia
337 1534 437 1588 viridis
456 1536 525 1590 trita
544 1539 651 1590 etcum
669 1554 743 1605 aqua
757 1536 838 1606 potui
858 1537 926 1591 data
944 1541 1089 1592 menstrua

76 1615 198 1670 deducit.
225 1630 341 1685 gramen
360 1614 389 1667 in
408 1632 483 1684 aqua
502 1616 652 1686 decoques,
672 1620 701 1671 et
720 1633 754 1670 ex
772 1633 806 1671 ea
824 1617 925 1672 mulier
943 1634 1018 1686 aqua
1037 1635 1089 1673 ca-

74 1696 134 1749 lida
157 1694 261 1749 foveat.
289 1693 357 1747 nitri
376 1693 426 1748 flos
452 1712 515 1748 cum
537 1694 630 1749 farina
652 1695 765 1750 triticea
785 1699 814 1751 et
838 1695 899 1751 oleo
926 1697 1088 1751 amaracino

74 1778 251 1843 conteratur,
271 1777 300 1828 et
318 1774 420 1829 mulier
438 1775 493 1828 sibi
513 1775 636 1829 subiciat
655 1775 755 1829 diebus
774 1775 898 1844 quinque
917 1777 1020 1844 quibus
1039 1777 1089 1831 ha·

145 1923 178 1970 21
199 1916 328 1971 omnibus
342 1916 419 1970 tritis
434 1935 465 1972 a:
486 1915 580 1970 omnia
594 1915 664 1969 trita
679 1918 724 1987 bg.
780 1916 825 1970 fac
840 1934 864 1988 9.
915 1917 1027 1970 2scafi0
1043 1919 1088 1988 tp:

74 1988 151 2042 casio
170 2007 195 2042 a.
286 1987 369 2042 mitte
388 2006 436 2059 99.
509 1992 633 2039 3unum
651 1989 685 2043 tr.
704 1985 751 2040 vel
770 1987 825 2041 duo
844 2006 890 2058 α9.
981 1987 1089 2041 ibidem

74 2059 150 2111 intra
164 2058 279 2113 scafium
294 2076 345 2113 om.
359 2076 384 2129 9.
458 2057 688 2126 ibidem-pones
703 2059 778 2128 b(p):
799 2074 924 2126 suppone
939 2059 1053 2114 breuiter
1062 2078 1088 2114 a.

74 2145 158 2197 super
175 2147 200 2199 9.
273 2134 394 2197 4supra
409 2136 472 2198 post
491 2128 618 2183 vestibus
637 2148 663 2183 a.
719 2130 858 2210 apparata
878 2130 905 2184 b:
926 2131 1025 2197 aperta
1040 2147 1087 2200 α9.

73 2199 133 2268 ipse
152 2216 201 2253 om.
221 2199 280 2269 9(ἰ.
299 2217 325 2254 v.
341 2207 405 2268 post
423 2199 558 2253 interiora
577 2202 612 2269 a).
686 2204 781 2253 tems
800 2217 851 2254 ona
870 2217 918 2270 α9.
987 2200 1089 2253 tltem

73 2270 289 2338 —provocanda
311 2286 361 2324 om.
380 2288 411 2341 9,
435 2272 483 2340 qai
504 2272 548 2326 bic
573 2277 664 2325 tamea
686 2272 765 2326 babet
788 2271 928 2325 rubricam
946 2269 1024 2323 ΧΙΠΙ
1046 2270 1088 2324 De

72 2339 242 2409 purgatione
260 2341 447 2409 provocanda.
551 2341 713 2411 Emplastra
733 2343 796 2409 (stc)
816 2343 844 2396 b:
865 2340 1040 2409 cataplasma
1060 2360 1085 2396 a.

74 2417 89 2465 7
109 2429 153 2480 ap.
173 2411 191 2466 f.
212 2411 296 2464 simul
313 2411 383 2465 trita
401 2411 506 2465 viridia
520 2414 543 2481 b,
563 2412 711 2481 appiorum
729 2411 897 2466 viridiorum
914 2410 985 2465 folia
1004 2412 1088 2465 simul

72 2482 141 2536 trita
160 2501 178 2536 a
196 2484 255 2551 (ubi
276 2483 316 2537 sic
337 2501 369 2553 p:
396 2482 551 2552 Appiorum
575 2483 645 2537 folia
669 2501 732 2538 cum
759 2482 819 2538 fece
844 2482 904 2537 vini
927 2482 1015 2550 trita).

72 2553 167 2607 calidir
186 2572 210 2623 9,
230 2551 281 2608 cal’
303 2555 327 2622 b,
347 2553 441 2607 calida
456 2573 481 2609 a.
537 2559 553 2608 8
572 2553 684 2623 impone
698 2573 722 2625 9.
773 2554 866 2623 Nepte
885 2556 909 2622 b,
928 2552 1023 2622 nepite
1038 2572 1086 2624 up.

143 2624 225 2677 bibat
244 2627 294 2679 ba:
313 2624 394 2694 potui
414 2625 482 2678 dato
500 2643 524 2696 9.
599 2630 614 2677 9
634 2625 696 2679 allii
714 2625 838 2696 purgati.
857 2624 970 2694 piperis.
991 2624 1087 2694 butyri

72 2712 127 2748 ana
149 2696 219 2752 ÷1.
248 2697 310 2750 rute
338 2695 437 2749 viridis
464 2695 536 2765 picis
565 2695 673 2768 liquide
703 2713 758 2750 ana
776 2710 813 2756 ÷
831 2696 865 2750 Π.
898 2695 985 2750 bacas
1013 2695 1087 2749 lauri

72 2765 193 2818 castorei
212 2765 271 2834 opii
290 2783 344 2820 ana
363 2781 398 2825 ÷
412 2767 465 2819 ΙΠΙ
485 2769 535 2834 (sic
552 2783 601 2821 sec.
617 2768 743 2836 pondua
765 2768 890 2835 adluat)
909 2785 934 2838 9.
995 2769 1087 2821 casto-

71 2836 125 2890 rei:
145 2837 294 2905 camphore
314 2856 339 2891 a.
432 2841 464 2890 10
483 2836 555 2905 picis
574 2837 623 2904 liq.
643 2854 699 2891 ana
717 2855 766 2892 om.
787 2857 812 2892 a.
905 2843 937 2889 11
958 2836 1015 2891 sint
1034 2840 1085 2893 ba:

72 2925 122 2961 om.
143 2925 167 2977 9.
242 2913 275 2960 12
295 2925 320 2975 q.
339 2924 396 2960 nux
416 2909 459 2961 est
478 2926 525 2978 α9.
599 2907 655 2960 sibi
674 2924 724 2962 om.
743 2926 767 2978 9.
841 2912 875 2961 18
894 2908 966 2961 Item
984 2910 1048 2962 add.
1068 2928 1086 2963 a

75 2978 423 3046 (saepenominatus.
533 2977 648 3046 scaphio
667 2996 692 3048 9,
712 2977 788 3031 casio
809 2981 968 3046 (utsupra)
988 2997 1013 3032 a.

70 3065 152 3118 pone.
173 3050 202 3102 et
220 3064 303 3116 super
318 3049 416 3102 sedeat
429 3050 462 3100 ut
476 3047 584 3101 dictum
599 3050 642 3101 est
656 3047 783 3117 superius
797 3065 863 3101 mox
876 3048 1045 3118 purgabitur
1059 3069 1084 3104 a.

73 3125 106 3172 14
121 3126 184 3188 post
201 3117 370 3187 purgabitur
388 3119 451 3173 add.
471 3118 542 3172 Item
560 3118 711 3186 probatum
730 3122 773 3172 est
792 3136 817 3186 α,
837 3117 926 3172 Huius
941 3119 982 3173 rei
997 3121 1086 3174 maxi·

71 3208 148 3242 mum
166 3190 382 3258 probamentum
400 3189 492 3242 habeo
510 3207 534 3260 9Ι
592 3194 624 3242 16
645 3191 674 3243 et
691 3188 773 3243 bibat
791 3188 887 3243 ieiuna
906 3209 932 3245 a.
994 3197 1027 3245 16
1043 3208 1086 3245 sa-

71 3260 184 3330 turegia
203 3279 228 3315 a.
292 3259 373 3329 potui
391 3277 441 3314 cm.
456 3279 481 3331 9.
535 3265 568 3313 17
584 3259 680 3314 educit
698 3278 723 3314 a.
779 3274 971 3330 gramen-(p.
982 3266 1045 3329 344,
1056 3267 1084 3331 3)

72 3331 194 3385 subicies
213 3347 256 3385 om
273 3349 298 3401 9.
398 3347 518 3400 granum
536 3331 568 3390 in
587 3347 611 3384 a.
633 3331 779 3384 decoctum
798 3333 827 3384 et
844 3334 982 3400 potatum.
1003 3336 1031 3386 et
1051 3334 1086 3387 de

71 3401 134 3471 ipsa
153 3418 228 3470 aqua
246 3400 332 3456 vulva
350 3400 449 3455 lavata
467 3403 584 3472 prodest
601 3420 627 3456 a.
707 3406 740 3455 18
758 3403 829 3456 Item
848 3400 899 3456 flos
917 3420 944 3457 n.
965 3406 993 3457 et
1011 3403 1030 3457 f.
1050 3405 1084 3457 tr.

71 3489 135 3526 cum
150 3488 224 3597 torua.
243 3490 269 3527 a.
343 3477 375 3526 19
391 3471 506 3540 quibus:
526 3488 581 3547 que
596 3474 619 3527 b.
689 3489 710 3526 s.
730 3472 854 3540 quinque
873 3474 899 3527 d.
920 3476 949 3528 et
966 3474 1086 3527 habebit

70 3559 149 3596 mens
198 3559 216 3596 a
234 3559 259 3598 α.
