2288 3878
80 128 146 191 478
407 150 411 157 ·
487 126 692 179 vulmcnm

468 283 553 338 XXV.
572 283 619 337 De
637 282 713 339 ilia.

152 374 223 428 Iliae
247 378 343 428 autem
366 376 432 427 sunt
455 374 555 427 dextra
577 372 698 440 levaque
718 370 749 424 in
770 369 935 444 lateribus,
960 379 1015 432 ubi
1038 384 1099 434 coste

80 472 137 508 non
157 457 234 523 sunt,
254 454 419 508 membrana
437 469 557 507 nervosa
580 451 656 505 intra
680 467 709 505 se
733 467 850 505 carnem
870 453 1054 512 habentibus
1070 458 1099 512 la·

81 539 149 603 tam,
169 534 218 603 qui
237 551 301 587 cum
320 533 433 587 eosdem
451 533 630 587 membranus
649 530 833 600 gluttinatur‚
854 536 1045 593 continentes
1058 539 1099 593 vis-

54 622 67 659 b
83 614 170 667 sicam
189 617 219 666 ct
236 629 325 666 renes.

423 752 520 806 XXVI.
540 752 587 806 De
606 752 757 807 renibus.

152 842 244 895 Renes
264 844 360 895 autem
377 839 465 909 positi
488 843 554 894 sunt
576 839 607 893 iu
630 839 751 909 septima
774 843 914 898 vertebra
940 847 1039 919 spine,
1061 846 1099 902 ubi

81 920 171 975 lumbi
191 925 265 989 sunt,
284 925 387 974 natura
405 920 571 988 musculosi‚
595 919 687 974 colore
705 919 805 989 livido,
826 922 938 978 deforis
959 928 1046 998 recti,
1066 928 1098 980 in·

80 1001 169 1054 terius
189 1001 267 1054 curvi
286 1003 316 1054 ct
335 1000 460 1068 concavi,
479 999 529 1068 qui
547 999 672 1069 genitale
691 1016 787 1054 semen
806 1005 937 1070 portant.
961 1023 998 1061 ex
1013 1009 1099 1064 eodeni

41 1080 143 1134 101000
167 1085 271 1134 exeunt
295 1096 365 1134 vene
389 1080 443 1134 due
466 1079 545 1134 velut
567 1078 674 1149 fistule,
698 1079 881 1136 continentes
909 1087 1017 1142 ambas
1044 1088 1098 1141 ilias

80 1160 213 1214 vissicam
232 1164 261 1214 ct
279 1159 434 1230 testiculos,
453 1160 503 1228 qui
517 1159 561 1213 his
577 1159 699 1214 calorem
711 1159 757 1213 vel
775 1177 875 1216 semen
889 1164 1097 1223 administrent.

78 1237 166 1307 positi
190 1243 256 1293 sunt
278 1242 374 1294 autem
397 1239 428 1293 in
450 1239 575 1308 alapem,
602 1242 631 1294 et
654 1254 765 1293 carnem
788 1239 952 1311 oblongam
973 1247 1099 1302 virtutem

79 1321 215 1385 prestant.

364 1425 474 1480 XXVII.
494 1426 539 1480 De
558 1424 688 1480 vissica
707 1430 741 1480 ct
759 1424 816 1480 fel.

39 1531 65 1570 1s
149 1511 261 1566 Vissioa
279 1513 373 1582 posita
393 1518 436 1568 est
454 1513 499 1567 his
519 1513 648 1568 omnibus
668 1512 829 1568 interanies.
852 1515 889 1570 de
909 1519 995 1574 cuius
1015 1522 1100 1591 figura

79 1591 190 1660 questio
214 1596 269 1661 est,
298 1611 361 1647 cum
385 1592 429 1647 illi
455 1612 541 1647 unum
564 1597 701 1663 appareat
724 1593 853 1647 foramen
877 1596 917 1649 ad
943 1599 1098 1654 emittendi.

79 1672 167 1726 habet
185 1672 290 1727 collum
307 1671 431 1742 longum.
451 1673 493 1727 ibi
511 1677 613 1728 cuncta
632 1677 698 1727 sunt
720 1673 861 1728 foramina
880 1678 1056 1734 tenuissima
1074 1683 1100 1734 et
1124 1723 1135 1762 <

79 1768 150 1806 vene
169 1753 205 1806 ab
226 1752 307 1823 spina
326 1755 355 1806 et
372 1752 499 1807 medulla
517 1753 661 1808 venientia
680 1753 710 1806 in
732 1752 875 1808 testiculis
900 1773 1001 1814 semen
1019 1759 1099 1813 mini-
1124 1769 1134 1830 [-

80 1832 244 1888 strantibus.
259 1832 329 1887 haec
345 1836 410 1887 sunt
424 1833 538 1887 seminis
553 1832 692 1887 foramina
711 1836 740 1888 et
753 1833 902 1889 urinarum
915 1837 1099 1908 digestiones,
1124 1821 1135 1859 '⁴

39 1920 65 1960 20
80 1929 164 1981 quem
182 1914 407 1981 admodumque
425 1913 535 1982 possint
553 1916 675 1967 vacuata
692 1913 809 1983 replere.
829 1919 929 1970 errant
947 1919 998 1987 qui
1015 1938 1099 1974 unum

79 1992 189 2046 aditum
207 1993 309 2048 vissice
329 2010 389 2048 csse
412 1996 527 2063 putant,
551 2011 623 2047 unus
646 1996 743 2047 tamen
765 1998 893 2063 apparet.
920 2000 974 2053 sed
996 2001 1099 2056 vissica

78 2072 248 2142 quatriplioe
267 2076 400 2128 contexta
418 2073 580 2127 membrano
600 2076 655 2144 est,
679 2073 758 2127 cuius
782 2078 960 2133 consertatio
979 2084 1097 2136 nonest

78 2152 237 2221 perstricta,
256 2153 376 2222 ideoque
396 2156 425 2207 et
443 2152 474 2206 in
492 2152 628 2207 minorem
646 2153 766 2207 formam
783 2154 902 2210 redacta
924 2162 1039 2216 contrai
1053 2178 1098 2231 po·

78 2234 135 2286 test
153 2235 182 2286 et
200 2232 319 2286 remissa
338 2232 482 2302 ampliare.
501 2249 552 2299 per
570 2231 697 2286 eiusdem
711 2233 876 2288 membrana
891 2251 928 2288 ex
943 2242 1030 2307 parte
1045 2258 1097 2295 cer-

37 2317 63 2356 2⁶
78 2311 153 2365 vices
182 2311 242 2364 cius
268 2312 361 2364 tenuis
386 2310 546 2379 subn'piunt
572 2311 666 2366 fistule
695 2312 897 2368 descendentes
928 2333 946 2370 a
975 2321 1097 2388 renibus,

77 2406 195 2457 quorum
213 2389 338 2443 officium
357 2393 400 2444 est
419 2388 543 2443 colatum
559 2391 705 2445 humorem
718 2393 923 2451 transmittere.
944 2414 1015 2468 ergo
1035 2400 1097 2454 inde

76 2467 221 2522 venientes
240 2468 333 2522 fistule
353 2469 404 2522 sub
419 2468 482 2537 ipsa
496 2469 604 2523 cervice
619 2469 720 2525 vissice
739 2471 902 2528 inseruntur
921 2475 1000 2532 inter
1015 2498 1097 2535 mem-

147 2697 341 2769 4glutinatur
355 2699 387 2753 P.
443 2701 624 2754 contenentes
640 2701 672 2754 P.
730 2702 844 2775 lepino
866 2703 900 2758 G.
952 2712 1097 2763 8masco·

76 2771 131 2827 losi
150 2771 182 2828 P.
237 2770 327 2826 libido
349 2770 381 2826 G.
439 2776 471 2824 10
489 2786 560 2844 vene
581 2771 636 2844 due
657 2771 691 2826 G.
746 2772 850 2827 festule
870 2775 904 2843 P,
925 2775 1041 2833 fistulae
1063 2782 1095 2835 G.

149 2846 330 2899 contenentes
344 2843 376 2898 P.
450 2848 482 2896 11
502 2835 641 2896 vessicam
661 2842 694 2897 G.
759 2843 969 2901 adminestrant
989 2850 1023 2904 P.

78 2921 111 2969 12
130 2916 218 2984 positi
237 2919 302 2971 sunt
322 2915 359 2972 G:
379 2913 480 2985 positis
501 2915 534 2968 G.
627 2919 661 2968 14
679 2917 809 2986 prestant
830 2915 863 2970 G.
953 2924 988 2972 14
1008 2924 1038 2975 et
1057 2922 1097 2976 fel

75 3003 126 3040 om.
149 2989 182 3042 G.
257 2995 289 3042 16
309 2987 419 3061 questio
440 2987 473 3042 G.
528 2985 577 3039 ille
597 2986 629 3041 P.
704 2985 878 3040 ademitendi
900 2987 933 3042 G.
996 2997 1030 3045 17
1050 3011 1097 3047 co-

75 3054 134 3107 lum
154 3058 186 3111 P.
260 3059 301 3112 ibi
321 3062 422 3114 cuncta
441 3060 506 3112 sunt
525 3058 562 3113 P:
581 3056 632 3111 ubi
650 3057 760 3111 iunctas
782 3055 815 3110 G.
876 3058 1033 3115 foraminas
1054 3067 1097 3118 tc-

75 3124 227 3180 nuissimas
248 3130 281 3184 G.
365 3135 399 3185 18
417 3147 487 3203 vene
507 3129 542 3184 G.
625 3128 662 3182 ad
681 3127 761 3198 spina
782 3127 815 3180 G.
889 3128 1042 3186 veniencia
1063 3136 1095 3190 P.

75 3212 191 3267 tesoulis
206 3215 239 3268 P.
315 3223 347 3272 19
362 3220 432 3272 haec
449 3218 486 3288 G,
501 3205 524 3271 i
538 3218 571 3272 P.
645 3214 821 3286 degestiones
831 3214 863 3267 P.
940 3223 974 3270 20
990 3237 1047 3290 qun
1061 3225 1095 3278 G.

75 3289 108 3338 21
128 3282 215 3354 visice
237 3285 290 3338 GR
352 3288 494 3356 putabant
514 3289 546 3342 G.
633 3293 667 3340 22
686 3285 846 3340 membrano
867 3284 908 3339 G:
933 3306 1040 3343 -num
1061 3295 1094 3348 P.

76 3353 246 3410 consertatio
266 3355 303 3410 P:
323 3358 464 3413 consortio
485 3359 520 3413 G.
595 3364 628 3412 23
647 3358 778 3412 redactae
799 3354 831 3409 G.
914 3360 949 3408 25
969 3359 1033 3413 eius
1055 3364 1094 3419 P:

74 3427 151 3551 {itGl
187 3430 229 3551 126
247 3424 342 3498 fistule
358 3428 397 3483 G:
417 3427 522 3482 sistolae
532 3428 565 3483 P.
615 3423 848 3482 discendentesP.
901 3426 1045 3505 alfistulg
1059 3435 1095 3505 G,

96 3514 168 3552 soe
213 3539 219 3552 .
593 3538 596 3543 -
