2288 3878
89 147 156 213 370
315 146 592 203 summorum
609 144 885 207 nummum

89 315 138 376 die
167 314 314 394 decoquas
342 331 417 393 quae
445 313 541 375 inlusa
570 322 639 375 sunt
665 311 726 373 leni
751 311 832 393 ioco,
859 313 1014 393 quamdiu
1041 335 1109 396 aqua

90 404 270 466 absumatur.
294 405 404 464 cummi
424 421 494 463 vero
517 411 597 464 teres
620 419 689 463 cum
705 399 771 462 cleo
794 399 918 463 modico
942 405 1008 465 iam
1031 412 1110 466 cocto

90 511 185 573 usque
209 492 245 553 ad
268 490 426 553 levitatem
449 492 579 552 resinam
603 499 702 552 autem
724 496 755 550 et
777 496 880 551 cetera
899 509 975 553 cum
998 492 1111 574 relique

91 582 155 642 oleo
179 580 308 642 resoluta
328 580 388 641 leni
406 580 472 640 ioco
491 578 611 660 colabis,
634 587 664 641 et
680 578 862 658 tepefactum
887 597 985 659 supra
1004 585 1112 645 cummi

91 673 248 732 inmixtum
271 669 394 747 agitabis
418 668 454 729 de
478 668 581 729 iecula.
606 667 684 748 quod
703 665 892 729 medicamen
910 668 997 730 dolio
1021 673 1141 732 viueos

91 758 232 821 servabis.
260 758 330 818 lacit
357 764 455 818 autem
482 756 518 817 ad
546 759 638 818 totius
665 757 799 835 corporis
827 755 994 840 frigorem,
1022 767 1054 820 et
1078 759 1112 820 ad

92 851 184 910 sciam
207 854 237 908 et
259 845 419 925 podagram
441 844 599 905 utilissime
622 844 752 924 prodest.

38 932 82 997 20
180 935 228 997 ld
243 936 450 1012 sanguinem
465 941 655 994 vomentes.
680 950 781 994 semen
796 930 897 993 salicis
911 933 1112 998 uncltritum

92 1044 159 1088 cum
182 1027 250 1085 vinc
274 1030 392 1084 austero
416 1025 595 1101 permixtum
617 1024 735 1082 ieiunus
763 1022 899 1099 accipiat
932 1028 1112 1104 sanguinem

93 1116 247 1191 restringit
270 1120 299 1173 et
321 1113 425 1173 vitium
449 1111 594 1172 emendat.
1123 1132 1141 1172 ro

38 1197 79 1262 21
180 1202 369 1263 Confectio
388 1199 589 1262 saccomeli.
608 1218 681 1260 uvae
695 1197 819 1259 acerbae
834 1199 901 1259 suci
915 1202 1112 1283 sextanosil,

92 1310 179 1370 quem
204 1308 307 1350 sucum
331 1288 438 1350 cacabo
463 1298 584 1367 stagneo
607 1307 661 1367 per
688 1286 821 1348 triduum
845 1287 1112 1372 servabis,·supra

90 1381 190 1440 missis
213 1378 313 1456 granis
337 1377 407 1438 salis
430 1379 538 1437 marini
561 1377 671 1459 tribus,
698 1378 739 1437 ita
766 1382 800 1436 ut
826 1392 932 1436 omncs
957 1379 1111 1441 laecasin

91 1466 181 1527 liurdc
210 1465 367 1526 resideant.
401 1464 507 1526 exinde
535 1467 629 1527 mittis
657 1467 722 1526 suci
751 1463 867 1543 limpidi
901 1470 1058 1530 sextarios
1080 1469 1111 1549 ll,

91 1554 188 1618 mellis
212 1553 378 1632 despumati
401 1556 546 1614 sextarios
564 1553 613 1615 ΠΙ.
645 1572 754 1633 coques
778 1552 839 1614 leni
861 1553 927 1614 loco
953 1575 1057 1636 usque
1079 1557 1137 1619 ado

91 1646 202 1705 tertias.
232 1642 311 1723 quod
339 1642 375 1703 de
404 1642 497 1704 ierula
525 1643 660 1722 agitabis.
694 1641 834 1720 frigidum
867 1641 983 1705 iactum
1016 1649 1110 1707 vitreo

92 1732 231 1795 servabis.
264 1732 335 1794 lacit
366 1731 402 1792 ad
434 1734 569 1794 nausiam
600 1729 838 1810 restringendam
865 1737 896 1790 et
922 1732 962 1792 ad
997 1738 1110 1797 ventris

91 1823 204 1885 fluxum
232 1829 263 1882 et
289 1823 373 1882 initia
405 1840 509 1882 eorum
537 1823 589 1901 qui
622 1822 794 1899 sanguinem
827 1827 959 1881 vomunt.
999 1825 1057 1885 sed
1085 1833 1111 1884 et

92 1913 278 1993 dysenteriae
306 1913 462 1991 incipienti
494 1929 563 1972 cum
595 1928 686 1990 aquae
717 1926 809 1988 purae
842 1926 985 1971 mensura
1017 1913 1110 1994 dabis,

92 2001 288 2064 febrientibus
311 2000 453 2080 tepidum,
476 2001 586 2060 ceteris
609 1998 757 2076 frigidum.
1119 2016 1136 2059 a

39 2087 81 2150 22
180 2090 227 2152 dd
260 2091 470 2168 sanguinem
503 2087 543 2147 de
576 2105 640 2148 ano
671 2087 854 2147 fluentem.
886 2085 959 2147 mali
992 2092 1110 2167 granati

92 2183 233 2242 corticem
267 2186 387 2240 tunsum
419 2185 448 2237 et
475 2174 552 2236 bene
585 2175 771 2236 cribellatum
803 2177 835 2235 in
868 2192 961 2254 aquae
995 2178 1109 2241 calidae

92 2271 184 2349 cyatis
202 2267 228 2328 11
247 2266 427 2344 totidemque
451 2266 525 2345 vini,
548 2271 579 2324 et
597 2264 741 2325 coclearia
764 2263 879 2342 singula
902 2263 1042 2342 pulveris
1058 2286 1111 2347 per

93 2358 226 2418 triduum
249 2355 286 2415 da
308 2354 421 2435 bibere,
445 2360 474 2413 et
497 2353 658 2431 restringit.

40 2442 81 2504 23
180 2442 228 2504 ld
244 2442 501 2521 dysentericus,
520 2459 608 2500 ovum
621 2441 808 2519 gallinacium
824 2459 892 2501 cum
906 2448 991 2502 aceto
1006 2443 1141 2525 frigeas

93 2540 123 2592 et
145 2532 182 2591 da
204 2529 381 2591 manducare
406 2531 435 2589 ei
457 2531 509 2608 qui
531 2531 644 2608 patitur
665 2547 720 2608 per
743 2528 807 2588 dies
831 2536 954 2608 septem.
1052 2585 1056 2595 ,

39 2617 83 2682 24
180 2619 267 2679 ltem
291 2617 331 2678 ad
355 2617 608 2696 dysenteriam.
635 2618 798 2696 fragmenta
817 2617 854 2678 de
878 2617 958 2678 mola
981 2621 1112 2699 ignifera

93 2709 192 2788 iacies,
215 2714 244 2767 et
267 2724 334 2766 cum
356 2705 432 2766 bene
455 2705 642 2787 incaluerint,
665 2705 778 2786 lapides
802 2708 883 2785 ipsos
907 2708 939 2766 in
963 2707 1043 2771 lacte
1064 2731 1111 2774 ca·

95 2799 182 2878 prino
207 2797 371 2875 extingues,
395 2801 424 2855 et
446 2794 518 2855 illud
541 2793 587 2856 lac
609 2795 712 2857 bibere
735 2795 828 2856 dabis.

39 2884 83 2948 25
181 2885 229 2948 dd
267 2903 326 2946 eos
363 2885 424 2963 qui
459 2902 535 2945 cum
568 2891 746 2947 tormento
782 2887 920 2946 urinam
957 2884 1143 2951 faciunt·

93 2974 284 3054 sisymbrium
307 2993 341 3036 ex
366 2993 440 3054 aqua
460 2974 592 3053 decoque
615 2982 645 3036 et
667 2981 730 3036 tere
754 2974 876 3053 limpide
900 2979 930 3032 et
952 2972 998 3034 da.
1022 2975 1113 3041 bibat

94 3082 162 3126 cum
186 3066 305 3124 caroeni
327 3082 409 3124 merc
433 3065 560 3144 ieiunus,
584 3083 620 3125 ex
643 3084 718 3144 aqua
741 3083 830 3143 supra
853 3070 1024 3124 memorata.

166 3187 179 3234 1
199 3180 257 3235 leni
272 3183 319 3251 (cs.
333 3200 352 3236 a
423 3181 585 3237 Aatlrc'maan
600 3183 659 3238 bed.
673 3199 694 3238 a.
707 3183 813 3250 footel·-
825 3178 882 3236 leri
894 3180 922 3233 Β
937 3181 1015 3248 (item
1028 3185 1112 3254 infra

93 3256 162 3308 115
171 3256 241 3320 etc).
314 3256 330 3306 b
377 3251 502 3307 'dorem
519 3253 555 3308 Β.
634 3251 775 3308 'ischiam
792 3252 829 3307 Β.
902 3255 1053 3310 transiere
1073 3259 1110 3313 Β.

95 3331 127 3380 11
147 3322 322 3379 saccomellis
341 3324 414 3394 ΒΨ.
434 3322 612 3394 abaclcmeli).
702 3339 799 3377 aucum
812 3323 849 3378 B.
940 3327 972 3375 15
992 3322 1053 3379 leui
1072 3329 1111 3385 Β.

95 3401 127 3452 19
148 3393 318 3450 disenteriae
332 3394 368 3449 Β.
437 3400 470 3450 21
490 3392 680 3464 malogranati
692 3394 729 3448 Β.
803 3398 837 3448 211
856 3390 1052 3451 dissinterieos
1072 3400 1110 3456 Β.

95 3473 128 3527 27
148 3465 339 3522 dissinteriam
356 3465 393 3520 Β.
466 3470 499 3519 31
519 3463 682 3520 sisinbrium
699 3465 736 3522 Β.
810 3469 843 3518 32
863 3480 926 3518 cum
944 3480 1011 3520 caro
1031 3469 1111 3526 enim

91 3556 142 3596 ero
159 3538 271 3596 ieiunus
291 3537 328 3606 ('
338 3539 353 3606 )
373 3536 409 3592 Β.
483 3534 547 3590 &B
562 3539 644 3605 (corr.
662 3536 725 3609 cd).
1051 3530 1056 3539 '
