2288 3878
80 152 123 218 98
390 154 580 207 THEODORI
596 153 777 208 Pittacum

146 368 271 431 XXXVI.
307 369 354 431 De
376 370 528 431 maculis
551 373 587 430 in
611 387 763 450 corpore
786 372 1030 433 nascentibus.

27 476 71 540 94
170 477 246 538 Sunt
264 476 373 556 quibus
392 480 483 539 certis
502 496 538 538 ex
557 476 761 538 accidentibus
783 477 916 539 maculae
934 497 1040 539 eorum
1062 482 1095 540 in

81 566 256 645 corporibus
274 566 461 644 frequentius
480 566 680 627 inhaeserrmt
709 573 779 626 sunt
795 568 875 627 enim
893 569 1005 649 nigrae,
1024 575 1094 628 sunt

81 655 163 716 albae
182 654 274 715 veluti
292 653 460 715 elelantiam
479 654 635 734 aliquando
654 656 871 715 annuntiantes.
909 655 1018 734 quibus
1037 657 1095 717 hoc

53 743 167 804 smodo
191 743 369 803 medendum
393 745 458 803 erit.

169 838 284 892 murtae
316 831 395 891 loliis
427 830 573 892 viridibus
604 834 636 892 iu
668 833 766 893 unciis
794 830 923 912 duabus,
954 834 1034 893 nitro
1064 841 1094 892 et

80 920 209 981 alumine
241 922 274 980 in
305 919 430 998 singulis
463 922 599 981 contritis
632 922 664 980 iu
695 918 811 980 balneis
841 920 968 981 fricandi
995 929 1094 981 eruut.

80 1009 167 1070 aliud.
205 1008 365 1089 sulphuris,
388 1009 473 1090 nitri,
496 1007 703 1069 aristolochiae
726 1007 823 1087 pulvis
846 1027 883 1069 ex
907 1026 1002 1087 aequo
1022 1027 1093 1069 con-

79 1100 218 1158 tritorum
240 1099 272 1156 in
299 1096 413 1157 balneis
442 1096 625 1158 adhibendus
654 1103 707 1157 est.
750 1098 848 1157 sicet
875 1103 956 1176 gutta
981 1115 1094 1158 ammo·

40 1188 158 1246 roniaci
179 1188 250 1246 trita
275 1204 343 1246 cum
367 1184 431 1245 oleo
454 1187 574 1264 proluit.
621 1187 664 1245 sic
691 1185 740 1244 fici
763 1184 834 1245 folia
857 1203 925 1246 cum
948 1184 1090 1265 sulphure

79 1277 144 1334 rivo
173 1281 203 1333 et
230 1282 313 1334 aceto
341 1274 505 1334 medentur.
551 1292 619 1334 uam
648 1280 678 1333 et
702 1273 756 1333 sub
785 1272 847 1334 sole
875 1273 912 1334 dc
939 1273 994 1334 hac
1023 1293 1093 1335 con-

79 1362 207 1422 fectione
235 1367 385 1422 curantur.
426 1368 456 1421 et
483 1363 634 1440 cyminum
661 1379 728 1422 cum
757 1368 840 1422 aceto
868 1364 972 1422 tritum
1004 1381 1093 1442 saepe

80 1451 123 1509 sic
149 1449 274 1528 proluit,
302 1450 433 1526 quinque
461 1449 566 1510 diebus
595 1449 820 1528 superaddendo
849 1450 1004 1511 linimenta
1032 1470 1092 1511 non

79 1535 219 1597 delavatis
242 1535 402 1615 prioribus.
449 1540 492 1597 sic
516 1537 633 1598 cimolia
657 1556 724 1598 cum
747 1540 826 1599 nitro
851 1545 881 1598 et
902 1538 993 1599 bacae
1016 1538 1093 1599 lauri

41 1641 67 1680 ro
81 1643 149 1719 cum
173 1632 255 1684 aceto
276 1627 514 1686 commiscentur.
552 1634 582 1687 et
600 1625 739 1686 similiter
757 1634 790 1686 ut
807 1629 908 1706 priora
927 1626 1093 1688 medentur.

78 1811 214 1868 curabis
234 1815 267 1867 et
284 1812 425 1869 clarum.
453 1813 580 1868 Marinus
595 1813 710 1884 sanguis
724 1811 815 1868 illitus
829 1829 961 1868 verrucas
974 1814 1092 1870 tollit...

78 1887 140 1954 (per
157 1901 249 1940 versas
262 1889 306 1940 16.
324 1888 447 1954 seqnitur
464 1902 523 1955 cap.
538 1885 697 1954 XXXVI).

150 1961 164 2009 1
183 1957 258 2012 rubr.
278 1955 319 2010 De
337 1955 457 2009 maculis
473 1962 520 2011 etc.
535 1957 571 2010 rb
587 1955 658 2012 oeta
677 1955 719 2009 De
737 1954 911 2010 elefantiosis
930 1954 1046 2008 XXXIII
1064 1956 1094 2010 B

77 2029 134 2095 (cad
142 2044 228 2083 ιιηιιιιι
237 2034 263 2083 et
271 2028 342 2082 idem
352 2042 411 2097 cap.
422 2033 460 2082 cet
473 2043 494 2081 c.
506 2025 606 2099 36s37).
652 2031 668 2079 2
684 2026 768 2080 certis
778 2028 857 2096 ex(et
865 2029 890 2097 r)
901 2042 958 2080 acc.
969 2027 1013 2080 rB
1020 2026 1092 2082 Get:

78 2115 113 2152 ex
140 2097 371 2153 antecedentibus
398 2095 490 2152 causis
516 2100 622 2166 (eorum
649 2096 812 2166 corporibus
835 2097 944 2151 macule
966 2095 1093 2150 inherea-

77 2171 155 2239 cunt)
170 2171 193 2225 b.
248 2185 356 2224 eorum=
375 2171 415 2224 alc
431 2168 584 2224 rbGel.B.
638 2167 669 2220 in
683 2171 725 2237 (co
761 2169 856 2236 rada
875 2169 930 2223 rB.
986 2167 1091 2224 4elbe.

78 2239 240 2309 aliquocics.
264 2243 294 2295 et
315 2239 404 2294 veluti
427 2239 462 2295 el.
481 2255 544 2293 ann.
565 2240 588 2293 b.
698 2238 740 2293 ele
754 2238 874 2295 andam:
892 2241 932 2293 cic
949 2239 1093 2294 ridelli

78 2312 122 2380 (cf.
142 2311 264 2368 Scribere.
279 2312 356 2380 250).
446 2315 462 2363 6
480 2308 566 2379 myrti
584 2307 655 2363 folia
671 2308 772 2363 viridia
790 2309 877 2380 (foliis
895 2307 1034 2363 viridibus
1053 2310 1094 2379 Β)

77 2399 108 2435 ιιι
129 2381 220 2436 unciis
242 2381 365 2448 duabus,
388 2381 494 2435 nitrum
517 2383 546 2435 et
568 2379 681 2434 alumen
699 2379 776 2450 (nitri
799 2382 828 2434 et
852 2378 984 2441 aluminis
1004 2380 1042 2448 B)
1061 2380 1093 2433 in

78 2451 206 2521 singulis,
225 2450 363 2519 contritis,
381 2451 411 2504 in
429 2451 539 2505 balneis
556 2450 678 2504 dicandi
696 2451 780 2519 (-—da
799 2450 868 2520 oet.)
887 2451 969 2504 erunt
982 2451 1092 2507 lacet:

77 2521 161 2575 Mirbe
179 2521 250 2575 folia
266 2521 371 2576 viridia
384 2524 430 2590 (ᾖ
443 2521 477 2576 Π,
492 2524 516 2591 r)
530 2522 564 2577 11.
579 2533 626 2582 4.
662 2520 739 2575 Nitri
752 2520 893 2575 Aluminis
908 2520 989 2575 scissi
1002 2521 1091 2590 (nitria

78 2594 108 2646 et
130 2591 207 2645 alum
224 2592 258 2660 r).
283 2608 338 2644 ana
355 2603 390 2651 ÷
408 2591 429 2646 1.
449 2592 570 2646 contriti
586 2591 669 2662 (—iis
687 2595 713 2663 r)
734 2591 765 2645 in
787 2591 889 2646 balneo
909 2591 980 2662 (-is
994 2595 1019 2663 r)
1042 2592 1094 2646 fn'-

79 2662 200 2716 candam
218 2661 316 2730 (tried)
338 2661 399 2715 erit.
419 2661 552 2736 (fecunde
575 2665 658 2717 amnt
677 2665 705 2733 r)
722 2664 768 2718 rb.
807 2664 883 2719 vides
909 2663 988 2718 modo
1008 2665 1094 2734 apua

74 2735 159 2804 pond.
183 2734 249 2787 med.
268 2733 347 2787 nwdo
368 2735 517 2802 spectemur
543 2735 677 2789 uocabulo
702 2735 860 2803 compendio
888 2735 993 2803 scripto
1015 2738 1094 2790 cane

78 2823 97 2860 a
115 2805 240 2860 librariis
257 2804 389 2872 exposito.
408 2805 539 2873 pannonio
551 2806 609 2873 ipse
626 2821 720 2861 renna
738 2811 834 2862 aanor
849 2806 997 2874 scripserit,
1014 2805 1094 2861 dieta

78 2875 199 2942 difficule.
289 2878 306 2926 8
326 2872 479 2943 aliud-(9)
497 2876 541 2928 est
557 2876 605 2930 rB
614 2876 685 2932 Gela
708 2892 758 2931 om.
780 2877 803 2930 b.
894 2874 1092 2930 contritorum:

78 2944 215 3000 contritus
229 2945 277 3000 rB
285 2944 344 3001 cet.
399 2946 458 2999 9ct
473 2947 497 3013 b,
512 2945 640 3003 etiamr:
654 2947 812 3002 oraBGcl.
867 2945 1046 3001 ammoniaca
1055 2948 1090 3002 B.

80 3021 112 3071 10
132 3018 161 3070 et
179 3033 242 3070 cum
259 3016 367 3086 Mel,
386 3017 415 3069 et
432 3033 460 3070 r:
478 3018 508 3070 ct
526 3033 590 3071 acro
610 3018 633 3071 b.
712 3022 745 3070 11
765 3015 887 3071 contrita
905 3019 963 3086 (ιιι.)
981 3019 1046 3074 odd.
1067 3019 1090 3072 b.

78 3086 130 3141 snb
150 3087 208 3141 sole
227 3088 274 3141 rB
284 3088 355 3144 Geir
375 3086 412 3141 ad
430 3086 518 3141 solem
538 3089 561 3143 b.
617 3087 750 3157 de(hac):
768 3090 808 3144 sic
827 3088 976 3145 roseln.
1026 3105 1091 3143 con·

77 3157 199 3213 sectione
217 3158 265 3212 rB
276 3159 347 3214 Get:
367 3157 567 3214 confricatione
587 3159 609 3212 b.
709 3163 743 3212 13
761 3162 790 3213 et
807 3157 952 3242 (quinque)
969 3160 1036 3215 add.
1054 3160 1091 3214 B.

80 3234 113 3283 14
131 3228 271 3283 delavatis
290 3228 441 3298 (delebatis
458 3232 485 3299 r)
498 3230 546 3285 rB
557 3229 628 3285 Get:
647 3228 751 3285 lavatis
770 3231 794 3285 b.
850 3229 962 3285 cimohe
980 3229 1058 3286 nitri
1068 3248 1092 3297 r,

78 3299 200 3369 cyrnolia
218 3316 282 3353 cum
299 3299 374 3354 nitro
393 3301 419 3367 b,
437 3298 551 3354 cimolia
568 3300 643 3354 nitro
664 3301 735 3356 Geir
754 3300 876 3370 cymolia
893 3300 1000 3356 utrum
1017 3301 1055 3357 B.

76 3369 166 3425 bacae
185 3369 220 3440 B,
239 3368 326 3425 bacas
339 3389 366 3426 r:
385 3369 459 3425 baca
477 3371 563 3429 chl.
619 3376 651 3426 15
666 3386 730 3425 cum
744 3373 846 3442 (aceto)
859 3371 908 3428 rB
917 3371 989 3428 Gala
1004 3388 1055 3429 ooo.
1066 3373 1089 3426 b.

78 3441 292 3496 commiscentur
301 3442 432 3511 (-untur
440 3444 466 3511 r)
475 3443 531 3499 rB:
550 3441 701 3498 commixta
720 3443 806 3499 odet.
892 3443 921 3496 ot
939 3441 1092 3512 (similiter)

70 3513 130 3581 ΑΒ,
152 3514 182 3568 et
196 3512 284 3568 etiam
299 3513 371 3569 Gela
390 3528 440 3569 om.
452 3515 475 3570 b.
513 3515 542 3570 et
556 3531 576 3568 s.
587 3511 675 3584 priori
687 3512 896 3569 medicamenta
908 3513 1059 3570 medentur
1067 3530 1091 3568 r.
