2288 3878
84 165 150 229 346
421 161 767 218 assumo-sunonem

84 324 235 450 colligtato,
268 341 332 378 mox
365 321 548 392 liberabitur,
585 323 614 375 et
648 320 747 375 statim
778 320 856 375 solve
888 338 926 376 ne
959 321 1025 377 loca
1061 339 1102 378 se·

84 414 159 465 quan
174 414 214 452 ur.

156 492 368 548 Secundinas
382 490 561 545 mulierum
575 488 736 559 expellit,
751 488 776 544 si
788 488 990 559 plantaginem
1003 491 1102 547 tritam
1126 476 1129 482 ¹

85 592 148 628 cum
170 574 237 627 rino
260 574 340 642 potet
362 574 427 640 post
450 573 571 640 partum.
593 569 766 624 inmaturum
788 569 914 624 extrahit
938 587 1005 625 cum
1028 588 1101 641 aqua

57 657 184 725 epotata
196 652 341 722 plantago.
371 650 417 724 <si
431 649 499 721 gula
514 648 626 703 asinina
640 666 703 704 eam
717 648 883 720 suffumigas
897 654 967 720 post
979 655 1099 722 partum,

84 734 159 788 idem
177 732 277 804 lacit).

155 831 188 884 Si
207 828 344 883 mulieri
358 830 526 882 mortuum
546 843 648 897 pecus
663 826 697 880 in
711 829 809 881 utero
823 827 947 898 fuerit,
967 830 1100 900 butyrum

83 911 230 965 vaccinum
249 907 352 963 etmel
370 907 401 961 in
420 905 600 961 acetabulum
618 905 790 975 temperabis
805 909 835 961 et
852 906 884 960 in
902 908 973 964 lana
991 910 1031 965 ad
1044 928 1099 964 ma·

83 990 182 1045 tricem
209 1006 296 1059 pones
321 988 371 1060 <et
393 985 592 1059 liberabitur).
625 985 678 1039 hcc
702 987 731 1040 et
754 985 779 1039 si
807 987 950 1043 secundae
978 1006 1037 1044 non
1060 1007 1099 1045 se·

46 1088 72 1127 10
86 1074 209 1138 quantur
226 1069 322 1123 facies.

154 1169 197 1222 Ut
220 1166 343 1221 mulier
365 1164 472 1218 facile
499 1166 678 1234 purgetur,
706 1163 780 1218 lauri
807 1163 895 1219 bacas
923 1166 1009 1222 tritas
1039 1185 1099 1222 cum

84 1248 150 1303 vino
168 1250 256 1317 potet.
286 1247 362 1301 item.
383 1246 418 1300 de
436 1244 532 1314 lapide
547 1246 652 1314 gagate
666 1246 739 1298 teres
758 1245 788 1297 et
807 1259 871 1298 cum
891 1261 968 1314 aqua
982 1246 1098 1302 fontana

86 1327 197 1382 ieiunae
217 1325 307 1395 dabis,
328 1325 426 1380 statim
443 1324 620 1394 purgabitur.

152 1422 280 1476 Mulier
297 1425 334 1477 ut
352 1421 542 1491 concipiat,
561 1420 606 1475 lac
625 1421 722 1476 asinae
737 1438 800 1475 cum
818 1419 887 1475 lana
902 1422 1004 1478 sucida
1018 1441 1099 1495 super

43 1518 69 1558 ro
82 1500 247 1556 umbilicum
266 1501 293 1554 ei
310 1518 399 1570 pone,
423 1504 451 1556 et
470 1500 511 1554 sic
533 1517 568 1555 ea
591 1503 678 1557 utere.
709 1500 786 1555 item.
811 1501 911 1556 sedeat
935 1520 1021 1573 super
1044 1504 1099 1558 fru-

82 1582 168 1637 ticem
186 1580 336 1649 absinthii,
361 1583 390 1635 et
413 1581 453 1635 sic
476 1597 540 1634 cum
562 1580 624 1634 viro
647 1582 735 1635 coeat.
764 1579 841 1636 item.
862 1583 1004 1637 storacem
1024 1585 1099 1639 cala-

83 1661 222 1716 mintham
240 1660 271 1713 in
290 1660 374 1715 scafio
394 1676 477 1729 super
496 1660 631 1714 carbones
655 1660 808 1730 imponito,
835 1663 865 1715 εὴ
889 1679 973 1733 super
992 1665 1097 1734 sedeat,

82 1743 112 1796 et
130 1740 233 1810 sufflat,
253 1742 282 1794 et
301 1740 341 1794 sic
360 1758 424 1794 cum
442 1739 503 1794 viro
522 1742 611 1796 coeat.
640 1739 715 1795 item.
741 1740 776 1795 de
799 1740 913 1796 catulae
936 1741 1014 1799 lacte
1037 1745 1098 1799 loca

83 1822 138 1877 sibi
156 1823 265 1892 tangat.
285 1821 403 1874 herbam
421 1818 615 1874 mercurialem
634 1823 664 1874 et
681 1820 834 1875 verbenam
851 1821 883 1874 in
901 1822 975 1878 collo
995 1828 1097 1894 portet.

42 1920 68 1960 20
84 1903 160 1959 item.
185 1901 245 1956 ovis
264 1901 432 1955 ruminantis
453 1916 582 1970 spumam
600 1916 664 1952 cum
687 1897 778 1969 digito
803 1899 838 1953 de
857 1916 905 1954 ore
924 1900 985 1956 eius
1005 1904 1097 1973 tolles,

83 1988 112 2038 et
135 2001 198 2038 cum
221 1981 287 2035 vino
310 1980 448 2035 nescienti
472 1977 585 2033 mulieri
607 1978 688 2047 potui
712 1978 802 2034 dabis.
831 1979 909 2035 item.
928 1980 1016 2037 tolles
1040 2001 1097 2038 ccr-

81 2063 167 2117 ticem
190 2060 298 2116 arboris
317 2078 334 2114 a
353 2059 652 2141 fulgure'percussae,
681 2061 710 2112 et
736 2057 843 2127 piperis
870 2077 962 2129 grana
980 2062 1098 2118 XXVIII

81 2145 155 2197 teres
179 2141 270 2209 simul,
295 2143 324 2194 et
348 2139 393 2193 die
412 2139 486 2193 Iovis
510 2138 577 2191 luna
602 2138 779 2192 decrescente
802 2138 884 2207 potui
903 2139 995 2197 dabis.
1030 2144 1098 2198 item

82 2221 117 2275 de
136 2221 195 2275 talo
219 2237 320 2274 venam
343 2222 456 2289 tangat,
481 2221 510 2272 et
533 2217 684 2287 coagulum
707 2217 810 2287 leporis
834 2218 863 2271 in
887 2218 983 2274 calida
1009 2223 1097 2278 disso-

153 2461 228 2528 1(et
246 2461 310 2514 add.
330 2462 357 2528 a)
377 2476 441 2512 mox
460 2458 478 2514 l.
498 2466 544 2514 ete.
565 2459 616 2512 hu:
636 2460 665 2511 et
683 2473 748 2511 mox
767 2461 799 2512 ut
818 2456 835 2512 l.
857 2457 934 2513 solve
953 2478 977 2531 p.
1063 2480 1097 2518 ne

81 2529 144 2583 loca
163 2547 184 2585 s.
200 2533 250 2600 bp:
265 2546 315 2584 om.
330 2548 355 2584 c.
414 2536 430 2583 3
450 2528 697 2598 Secundinas-(p.
709 2533 769 2598 347,
785 2530 811 2597 2)
826 2530 985 2584 concubent
999 2549 1051 2588 cuz.
1071 2553 1095 2606 9.

81 2600 254 2655 Secundinas
269 2601 297 2655 h:
317 2599 467 2668 Squibalas
487 2619 512 2655 a.
562 2599 699 2669 plantago
719 2598 743 2652 si
761 2599 831 2653 trita
850 2616 872 2654 c.
892 2618 918 2654 v.
938 2601 1057 2657 bibatur
1071 2624 1096 2660 α.

81 2676 98 2724 4
116 2671 184 2725 Post
202 2673 285 2740 partu
304 2674 429 2725 maturat
444 2671 569 2726 extrahit
583 2677 629 2726 eto.
645 2673 668 2739 b,
688 2672 737 2725 ubi
755 2672 870 2726 breuiter
882 2689 901 2725 a
915 2672 944 2725 et
963 2673 1098 2729 aborsum

81 2741 205 2812 expellit.
261 2746 277 2794 5
297 2741 326 2795 Si
344 2742 519 2810 gula—facit
537 2761 568 2797 cz
588 2758 638 2796 om.
654 2744 676 2797 b.
752 2746 767 2794 7
787 2741 816 2795 Si
835 2740 947 2796 mulieri
966 2742 996 2796 in
1015 2749 1097 2801 utero

81 2816 207 2867 mortuus
226 2812 300 2866 fetus
319 2812 405 2867 fuerit
423 2832 449 2868 o.
529 2811 631 2867 mulier
649 2814 672 2867 h.
745 2811 857 2867 b'acim'r
877 2815 907 2868 b:
926 2829 976 2869 oua.
997 2834 1024 2870 a.

81 2890 97 2937 8
116 2885 146 2938 in
165 2887 246 2938 aceto
266 2883 437 2953 distempera
455 2903 480 2939 a.
553 2886 694 2953 temperas
713 2885 737 2938 b.
815 2888 831 2936 9
850 2883 932 2952 ponis
951 2885 980 2940 b:
999 2892 1095 2956 ipone.

82 2958 110 3009 et
128 2955 297 3010 liberabitur
315 2975 340 3010 a.
413 2954 590 3009 hoc—facies
609 2973 659 3010 om.
679 2974 704 3009 a.
779 2960 811 3007 11
831 2953 986 3023 Ut—potet
1002 2973 1054 3012 om,
1070 2978 1096 3014 o.

82 3031 115 3079 12
130 3026 209 3095 (item
223 3029 284 3096 om.)
298 3026 424 3096 lapidem
437 3028 572 3096 gagatem
585 3028 653 3080 tere.
674 3028 703 3080 ct
718 3024 748 3078 in
763 3042 837 3093 aqua
857 3026 891 3079 de
906 3025 984 3080 fonte
998 3027 1097 3083 ieiuna

80 3096 163 3150 bibat
181 3116 206 3151 a.
277 3105 310 3151 14
329 3098 367 3152 Ut
384 3116 420 3151 m.
441 3114 463 3151 c.
483 3116 508 3152 a.
564 3096 706 3151 asininum
724 3115 749 3151 a.
815 3113 878 3149 cum
897 3096 914 3151 l.
935 3097 1095 3156 succidat:

80 3182 130 3222 cm.
150 3186 175 3221 a.
250 3174 282 3222 15
302 3168 416 3237 impone
435 3186 460 3223 α.
535 3172 568 3222 16
587 3168 656 3222 item
675 3170 802 3236 st.-(18)
822 3169 903 3221 coeat
922 3185 971 3224 oca.
991 3188 1018 3226 a.

82 3243 115 3292 16
135 3237 279 3293 calimiten
298 3242 321 3295 b.
396 3245 429 3294 18
449 3237 553 3292 sufficit
572 3240 595 3293 b.
687 3244 720 3291 19
740 3237 809 3291 item
827 3237 853 3292 h.
873 3256 909 3292 m.
929 3257 954 3293 a.
1032 3241 1096 3296 ber-

80 3308 183 3363 benam
201 3328 226 3364 a.
317 3309 348 3362 in
366 3309 461 3364 calceo
480 3329 505 3365 o.
596 3306 656 3362 toll'
677 3309 701 3375 b,
720 3307 790 3361 tolle
809 3327 835 3363 a.
926 3314 960 3363 21
982 3310 1096 3367 mulieri

80 3379 218 3435 nescienti
236 3399 262 3450 p,
284 3382 351 3434 dato
370 3400 395 3436 a.
487 3377 732 3448 item-(aenaea
752 3395 802 3432 our.
822 3398 848 3434 a.
975 3386 1010 3435 24
1024 3382 1096 3438 item

81 3454 114 3506 ut
132 3451 275 3521 concipiat
294 3452 328 3505 de
347 3453 367 3506 t.
387 3468 462 3506 vena
480 3452 616 3521 tangatur
634 3467 659 3504 a.
777 3448 912 3518 coagulus
931 3450 949 3506 l.
969 3451 1000 3506 in
1019 3470 1095 3522 aqua

77 3522 250 3580 dissolutus.
263 3567 268 3580 .
281 3567 286 3579 .
299 3523 382 3577 detur
400 3542 425 3578 a.
483 3521 620 3575 dissoluto
635 3522 659 3576 b.
