2288 3878
61 159 126 223 262
375 159 755 215 Psuuoo-runonouos

59 333 201 388 consueto
216 344 304 386 renes
324 328 385 387 sive
406 324 500 386 lunrbi
518 325 652 386 laborare
667 343 736 386 cunr
754 328 919 407 coeperint,
941 327 1076 395 dolorem

60 418 160 476 statim
183 422 335 494 generant,
358 414 493 475 rebiculo
517 416 606 474 ctiam
629 416 656 474 si
679 421 859 474 commotum
881 432 993 495 corpus
1016 416 1075 478 col·

60 503 185 565 liserint.
232 522 307 582 quae
331 503 434 563 cadem
458 505 555 564 vesica
578 501 700 563 dilli‘cile
728 509 759 562 et
789 503 987 565 cumdolore
1011 523 1076 566 sau·

59 592 262 672 guinolentam
294 594 411 652 urinam
440 592 517 652 lacit.
564 599 594 651 ct
626 609 694 651 cum
725 592 839 670 gemitu
871 592 996 671 quidam
1027 612 1076 654 ex·

34 682 181 744 ocludcre
200 680 332 741 volentes
350 698 405 759 pro
420 679 492 740 lotio
512 679 655 758 quasdam
672 678 877 758 mucillagines
896 683 1076 760 exprimunt.

59 772 126 850 pori
149 773 239 830 etiam
258 776 379 830 naturae
399 771 493 848 ipsius
517 768 667 829 interdum
685 767 857 848 potionibus
876 769 1008 831 assiduis
1026 771 1077 832 do·

60 858 154 920 lorenr
178 856 370 919 accumulant.
417 857 473 917 boc
496 859 601 917 vitium
624 864 654 916 et
677 864 810 917 ventrem
834 859 984 937 stringere
1008 878 1077 920 con·

61 951 157 1009 suevit
172 955 201 1008 et
221 945 356 1026 scapulae
376 963 519 1025 generare
539 944 680 1006 dolorem.
714 944 865 1006 conclusis
884 948 979 1025 igitur
992 966 1077 1027 prae-

60 1037 165 1099 focatis
192 1035 322 1097 aditibus
345 1042 378 1096 ut
401 1037 491 1095 etiam
514 1042 620 1095 ventus
643 1033 729 1095 reddi
751 1051 810 1095 non
835 1036 944 1121 possit,
967 1038 1077 1097 nimios

21 1147 48 1187 ro
61 1124 179 1186 dolores
211 1127 365 1205 patiuntur
398 1141 457 1185 non
490 1131 604 1184 tantum
635 1125 751 1184 vesicae
784 1130 928 1202 quantum
961 1126 1076 1186 vicinae

59 1216 166 1294 partis,
194 1232 282 1274 renes
305 1212 459 1291 lumbique
482 1231 588 1291 magno
611 1211 743 1291 pondere
768 1219 941 1293 gravantur,
970 1212 1024 1274 sed
1048 1221 1077 1274 et

60 1302 111 1362 ilio
131 1304 254 1361 sinistro
273 1309 395 1361 tonsura
413 1301 570 1379 aliquando
590 1309 619 1361 et
638 1301 743 1361 dextro
767 1299 965 1361 intolerabilis
984 1300 1077 1382 dolor,

60 1392 267 1449 reiactationes
287 1391 377 1449 ctiam
394 1388 626 1469 subsequuntur,
645 1388 754 1468 quibus
769 1389 939 1450 stomachus
954 1398 1076 1451 vexatus

60 1479 150 1537 etiarn
177 1475 320 1536 febricula
350 1483 493 1537 movetur.
540 1479 672 1539 contusis
704 1479 805 1556 itaque
838 1477 944 1538 crebro
974 1478 1076 1540 dolore

20 1587 47 1628 15
61 1583 184 1644 corpore
204 1572 234 1625 et
253 1567 349 1625 anima
371 1564 519 1644 aliquibus
539 1568 628 1627 etiam
646 1583 731 1627 mens
750 1565 903 1626 alienatur.
937 1567 1076 1629 assiduus

60 1656 199 1715 incursus
218 1652 329 1714 doloris
349 1662 378 1715 et
397 1657 455 1715 iter
474 1655 625 1717 intercidit
644 1663 674 1716 et
694 1653 808 1716 vultum
826 1673 961 1715 macrum
979 1655 1075 1717 faciet.

60 1745 86 1804 is
110 1750 140 1804 et
162 1744 319 1822 agrypnias
342 1743 399 1803 hoc
423 1751 468 1804 est
485 1743 601 1823 vigilias
623 1751 763 1824 praestat,
786 1750 817 1803 et
838 1743 998 1804 ardoribus
1021 1744 1076 1805 boo

61 1840 107 1893 est
135 1835 187 1893 siti
218 1839 312 1910 urget.
360 1831 438 1893 unde
466 1833 640 1912 frequenter
667 1835 865 1912 inquietatum
893 1850 1003 1912 corpus
1033 1835 1076 1893 in·

21 1944 46 1985 ro
60 1921 190 1984 validum
212 1921 348 1982 efficitur.
966 1930 968 1934 ⁴

29 2017 49 2080 2
149 2014 248 2090 itaque
272 2013 304 2071 in
327 2009 428 2070 dolore
452 2011 628 2070 interiorum
647 2009 703 2069 boc
726 2025 835 2086 genere
854 2007 1076 2071 boethematum

133 2189 248 2237 trenes
268 2181 326 2235 sive
345 2199 372 2237 r:
393 2196 473 2234 senes
493 2178 537 2232 sui
556 2180 579 2233 b.
635 2195 699 2233 cum
718 2196 768 2234 om.
788 2180 812 2233 b.
867 2177 1076 2234 2Vehieulo-

61 2253 196 2325 (3)dolore
214 2271 265 2309 om.
284 2254 307 2307 b.
389 2251 448 2306 sive
467 2250 607 2305 commotu
626 2265 725 2319 eorpus
744 2268 766 2304 r.
839 2254 856 2301 3
875 2249 1076 2320 sanguinulen-

59 2328 120 2379 tam
138 2343 161 2393 r,
182 2331 253 2396 sang}
272 2324 294 2377 b.
386 2321 530 2377 disciant
549 2323 572 2376 b.
675 2320 837 2375 et-volens
856 2320 906 2388 (cic
933 2338 962 2375 rr
981 2337 1033 2376 om.
1052 2323 1076 2377 b.

60 2395 189 2464 quidam:
204 2394 364 2464 quodamr.
419 2392 566 2448 occludere
580 2410 602 2448 r.
654 2391 805 2460 bquodam
817 2388 904 2445 mucii
957 2390 1016 2446 'es
1031 2408 1078 2446 ex·

59 2465 259 2536 pumuntur,
279 2463 403 2532 quadam
421 2463 537 2518 mueiila
559 2463 565 2475 '
589 2480 632 2517 em
652 2462 811 2532 exprimunt
829 2463 852 2516 b.
940 2468 957 2516 6
975 2461 1077 2516 Pori-

61 2535 183 2590 assiduis
202 2553 251 2590 om.
272 2535 361 2602 b(obi
379 2535 467 2603 simpl.
488 2536 517 2588 et
535 2481 588 2589 ddi
604 2540 680 2589 aeci
755 2541 769 2588 ‘t
790 2535 818 2587 et
835 2549 886 2587 om.
906 2533 930 2587 b.
994 2533 1077 2587 strin-

60 2622 126 2677 gere
145 2608 174 2661 b:
195 2605 336 2660 abstinere
354 2621 377 2659 r.
486 2609 503 2657 8
523 2603 627 2676 scapul'
647 2623 674 2674 g.
694 2604 820 2658 dolorem
838 2605 866 2658 b:
893 2603 1011 2672 scapula
1029 2621 1077 2674 ge·

59 2692 159 2732 nersre
178 2694 200 2731 r.
292 2672 593 2730 conclusis-oditibus
612 2694 640 2732 r:
659 2693 710 2730 om.
729 2678 753 2731 b.
809 2680 825 2728 9
844 2674 876 2727 ut
893 2690 945 2729 nee
959 2677 1079 2728 ventum

60 2765 161 2819 porum
179 2747 296 2802 reddere
313 2744 424 2815 possint
443 2748 466 2801 b.
538 2749 665 2803 ventor:
737 2744 967 2814 nimios—partis
986 2762 1037 2801 om.
1053 2747 1077 2801 b.

61 2826 95 2874 10
113 2816 208 2873 vesica
226 2837 248 2875 r.
354 2823 386 2871 11
407 2817 457 2872 sed
474 2834 524 2873 om.
545 2820 568 2874 b.
668 2823 700 2870 12
719 2817 769 2872 ilio
788 2836 811 2886 r,
831 2814 890 2884 ylio
909 2817 932 2870 b.
1026 2816 1078 2871 cli·

61 2889 171 2960 quoties
191 2892 215 2945 b.
295 2887 750 2957 intollerabilis—subsequuntur
768 2908 796 2945 r:
814 2884 993 2941 intolerabile
1012 2904 1078 2942 nas·

61 2962 134 3016 citur
152 2963 176 3016 b.
251 2966 283 3016 13
303 2959 497 3014 reiectationis
515 2978 537 3015 r.
610 2959 713 3029 quibus
731 2978 759 3016 r:
779 2959 853 3013 unde
872 2959 896 3012 b.
958 2961 1078 3013 vexatus

61 3033 148 3088 etiam
166 3032 185 3088 f.
205 3050 241 3087 m.
260 3051 288 3088 r:
306 3032 433 3086 vexatur.
453 3034 483 3086 et
501 3047 518 3084 s
536 3030 605 3086 febr.
620 3048 656 3086 m.
672 3032 696 3086 b.
769 3036 802 3084 14
821 3027 1079 3084 confusis—anime

60 3122 111 3160 om.
131 3106 155 3159 b.
256 3108 288 3157 15
308 3101 464 3171 aliquibus:
483 3101 585 3171 quibus
605 3101 693 3156 etiam
709 3120 733 3169 r,
752 3098 914 3170 Aliquoeies
933 3101 962 3153 et
981 3101 1005 3155 b.

62 3174 191 3230 assidu‘os
210 3174 264 3230 ine.
285 3173 396 3229 dolores
415 3175 444 3227 et
463 3173 517 3227 iter
535 3171 680 3227 intercidit
698 3174 759 3242 (stc)
777 3191 804 3229 r:
823 3188 873 3226 om.
893 3172 918 3225 b.
996 3177 1030 3225 16
1049 3174 1079 3226 et

60 3246 172 3300 vultum
192 3251 276 3300 sorori
295 3247 354 3314 (sic)
373 3243 459 3298 faciet
476 3262 505 3300 rs
528 3245 558 3298 et
575 3242 667 3296 multis
684 3259 792 3298 macres
813 3259 874 3297 esse
892 3244 944 3311 (ab)
963 3241 1035 3296 facit
1053 3245 1078 3298 b.

62 3324 96 3372 17
116 3317 146 3370 id
165 3318 305 3387 (sic)-est
320 3314 396 3387 (vig.)
415 3331 513 3383 soom.
533 3315 623 3383 b(ttbi
641 3314 714 3369 etv.
733 3318 794 3383 pr).
882 3315 911 3368 et
929 3312 1077 3367 ardoribus

62 3389 233 3460 —urgentur
242 3390 302 3459 (sic)
311 3406 336 3456 r,
354 3388 383 3439 et
392 3386 491 3441 ardore
500 3384 519 3440 i.
530 3383 582 3439 siti
590 3385 672 3454 urget
681 3386 705 3440 b.
794 3390 827 3438 18
839 3383 1079 3439 Unde-efficitur

61 3477 111 3516 om.
128 3462 151 3516 b.
238 3477 293 3530 pro
311 3465 409 3527 20-p.
419 3460 485 3525 263,
495 3460 513 3511 3
525 3458 566 3513 sie
578 3457 659 3511 babet
677 3457 692 3510 b
710 3454 810 3524 Itaque
829 3454 860 3508 in
874 3454 969 3509 dolore
984 3453 1078 3509 calido

55 3532 136 3590 tectu
158 3547 297 3588 munuum
321 3530 368 3585 vel
392 3526 562 3603 sabanorum
590 3526 754 3582 calidorum.
778 3528 829 3580 aut
856 3525 994 3580 contabui
1022 3523 1075 3580 esl‘
1100 3535 1104 3542 '
