2288 3878
492 145 653 199 PHYsch.
1014 144 1078 208 ‘257

63 307 167 362 omissa
185 306 214 358 et
232 305 325 358 cetera
345 303 390 357 hia
410 302 516 357 similia
534 321 588 376 que
613 302 810 373 experimentis
829 302 895 358 huia
913 320 998 378 cause
1016 320 1080 374 pro·

63 374 154 430 fnisse
173 374 360 446 cognoverim:

137 461 204 499 narn
223 447 252 499 et·
269 445 378 500 radices
397 445 476 515 appii
490 447 520 500 e't
536 443 653 499 feniculi
666 444 821 512 inquoqnes
835 443 865 498 in
880 447 998 514 aquaet
1011 448 1080 515 potu

65 515 149 571 dabis
168 514 277 570 ieiunio.
308 515 383 570 Nam
396 518 430 570 et·
440 515 600 571 antidotum
618 515 655 569 ad
669 514 761 569 colum
774 515 816 569 ita
830 515 916 570 facies
931 515 1010 570 cuiue
1024 515 1079 570 vir·

65 589 157 642 tutem
165 586 259 656 sepius
268 586 395 657 probavi.
409 585 615 641 Petroselinum
623 585 842 642 macedonicum.
860 585 960 640 Pulein
970 602 1080 656 aoapnn

64 657 189 782 iuniperi
207 674 293 713 nacae
313 674 369 712 ana
386 657 615 740 t(somunciam).
635 656 724 710 ortice
743 673 844 712 remen.
866 659 966 726 myrta.
988 656 1080 710 cassia

65 729 134 784 fietu
146 746 171 784 a.
201 727 361 783 struthiam.
382 745 461 798 sproa
478 726 568 783 nardi.
587 725 768 782 marrubium.
787 744 833 783 ros
847 727 994 782 marinum.
1018 726 1080 782 hin-

65 799 144 855 nula.
165 799 290 854 Ciminus
300 815 377 868 pann
387 816 442 854 ana
459 799 490 853 t.
510 797 646 853 Zinziber.
661 798 803 881 Samonion.
818 799 975 854 Bettonica.
991 799 1079 854 cortu.

65 905 123 943 ana
138 899 171 947 ÷
185 887 206 943 1.
225 887 306 958 piper
323 887 520 958 nigru÷IHL
540 903 575 941 ex
597 885 725 968 omniirus
743 886 980 968 pui(rerem)facis
1003 888 1032 948 et
1049 886 1081 940 in

65 959 180 1014 duleolo
189 958 280 1014 vitreo
289 958 412 1043 reponip.
423 960 452 1012 et
462 975 525 1012 oum
535 975 603 1028 opus
613 957 701 1011 fuerit
709 958 885 1012 condrtnm
898 957 969 1012 facia
983 958 1079 1018 talem.

65 1046 124 1101 mel
153 1046 344 1117 dispumatum
366 1046 472 1102 lib.III.
492 1046 593 1130 vinnm
612 1045 750 1115 optimum
765 1045 812 1102 ⁵³&
825 1046 871 1102 VI.
890 1046 971 1118 piper
988 1045 1079 1117 nigro.

66 1149 101 1193 ÷
121 1135 142 1188 i
157 1138 186 1190 et
199 1151 234 1190 ex
253 1151 286 1190 eo
300 1134 414 1190 condito
433 1134 523 1189 mittio
542 1136 599 1205 pot.
614 1135 635 1189 1.
653 1132 685 1186 in
703 1133 827 1190 calicem.
847 1137 876 1189 ot
890 1134 1080 1206 suprascripto

65 1222 184 1349 Eugtrtere
202 1223 287 1292 plena
306 1223 460 1293 oool(iaria)
474 1224 508 1278 II.
528 1225 557 1277 et
574 1220 733 1292 ieiunusjn
745 1222 848 1278 balneo
867 1224 897 1278 in
916 1224 1079 1279 solio'stano

86 1311 97 1346 1
118 1311 128 1346 1
144 1337 149 1348 .
169 1325 203 1334 -

139 1365 284 1421 Praeterea
301 1367 334 1421 in
349 1366 529 1421 antidotariis
545 1365 629 1419 needic'
646 1365 708 1420 aeni
725 1357 884 1436 incipientia
948 1367 960 1420 i
977 1382 1011 1420 erc
1024 1366 1080 1421 oin·

65 1435 194 1507 patmum
211 1437 375 1491 medicorum
393 1437 472 1492 libris
495 1436 631 1491 collectam
649 1443 810 1507 propnpont
827 1455 842 1492 r
915 1438 1006 1492 iornm
1023 1453 1079 1491 ma-

67 1507 173 1573 teriam,
187 1507 281 1561 coriae
290 1509 415 1563 citantur
426 1507 604 1574 confectiones
620 1506 766 1575 Theodori,
781 1525 849 1577 qnae
858 1509 896 1563 ad
906 1507 1081 1563 Princionnm

63 1576 172 1645 partim
209 1578 355 1646 emineant,
373 1578 447 1634 cenet
465 1577 539 1632 Ant.
559 1575 645 1631 Gora
663 1574 840 1646 logodium
857 1577 995 1633 teudori
1014 1593 1080 1632 me-

68 1644 141 1699 dici
159 1593 208 1700 adp
215 1662 310 1701 omnes
328 1647 486 1715 mortiferas
504 1647 650 1716 passiones
669 1648 699 1701 et
718 1647 865 1702 diuturnae
880 1652 969 1705 ...in
982 1648 1079 1704 Antid.

72 1716 188 1773 Vindoc.
198 1723 253 1772 175
267 1734 289 1773 c.
298 1721 335 1772 83
348 1720 369 1786 f.
381 1721 432 1773 121
444 1719 546 1788 (eodem
559 1719 615 1786 fere
628 1719 688 1773 iera
700 1721 759 1774 eine
772 1720 880 1775 nomine
895 1721 995 1790 tepitar
1003 1720 1080 1789 cpont

69 1787 205 1844 Onane.
225 1804 247 1843 c.
262 1792 299 1844 73
314 1806 343 1859 p.
354 1793 417 1857 176,
434 1792 489 1858 12).

67 1931 125 1985 add
138 1861 171 1914 im
184 1861 241 1915 cod.
257 1858 318 1915 Vct.
332 1876 386 1930 rep.
401 1864 473 1914 1143
487 1862 562 1930 (poet
574 1859 762 1929 Priecionam)
776 1859 796 1925 f.
810 1864 845 1914 81
861 1866 977 1915 caetere
994 1876 1080 1914 mmm

126 1931 184 1986 itm

140 2000 293 2085 Antidotur
311 1999 421 2055 teodori
439 1999 490 2069 qui
512 2000 582 2055 facit
606 1999 643 2054 ad
666 2016 761 2055 omnes
781 1999 890 2054 dolores
910 1998 1012 2070 capitis
1031 2006 1078 2055 etc.

139 2072 657 2212 {afflggogngngffiogzaeffiossmt
673 2143 729 2198 eod.
745 2142 818 2213 Any.
830 2143 885 2196 120
897 2141 974 2209 141,
992 2141 1079 2224 antid.

69 2209 159 2276 Hofn.
183 2218 230 2267 eto.
249 2218 323 2282 etc,
351 2215 431 2268 enine
457 2215 648 2281 confectionem
670 2215 784 2283 reperit,
805 2219 837 2268 nt
860 2213 901 2267 bie
923 2213 965 2266 nit
986 2210 1082 2266 Simon

67 2281 264 2351 Innocentiam.
280 2282 395 2339 aakion
407 2290 433 2338 et
445 2300 466 2339 o.
480 2283 591 2354 kerbes)
608 2282 639 2337 in
658 2282 830 2338 antidotario
849 2280 989 2336 Theodori
1006 2280 1080 2335 Pria·

68 2351 153 2407 ciani.
181 2353 253 2423 qaod
270 2370 335 2409 eane
350 2356 412 2422 fieri
425 2357 520 2425 potnit
536 2361 569 2410 at
581 2356 702 2410 extiterit
719 2355 751 2409 in
763 2355 944 2410 remediorum
961 2353 1082 2423 qaudam

67 2425 219 2550 appendice
235 2425 324 2481 codici
341 2442 424 2495 qnam
441 2427 505 2495 lepit
518 2426 660 2481 Prreciani
675 2426 833 2493 (ferentin
846 2425 950 2492 Bran.)
964 2425 1082 2491 fortuito

66 2513 100 2552 on
119 2497 222 2552 inmota.

124 3597 259 3640 'theodorae
271 3595 411 3642 emerium.
424 3595 459 3638 en
472 3595 552 3638 Rene.
