2288 3878
507 162 695 214 GYNAEOIA.

77 320 190 372 rebrum
207 321 335 372 nostrum
351 334 398 372 ve·
427 318 499 371 endo
518 317 695 372 calefaciant.
715 320 748 370 ut

78 389 219 443 stiendum
245 387 399 442 caleficerit
427 390 456 442 et
481 391 579 442 estum.
604 387 650 442 vel
673 387 748 441 calo-

78 463 107 514 et
121 459 220 514 statim
234 477 251 513 a
266 459 338 513 soles
353 475 398 512 ca·
426 475 485 512 rem
501 458 568 512 solis
582 457 689 512 viciare
704 474 748 511 ce-

77 531 150 584 lores
169 530 313 584 cerebrum
332 546 398 584 eun·
426 529 507 584 rebro
519 546 576 583 non
590 528 745 598 permittat.

79 601 142 654 dem
157 600 291 655 defendat
304 617 340 654 ne
356 599 398 654 vi-

78 671 167 725 cietur

113 815 150 882 (4)
169 812 242 866 huic.
263 827 317 879 que
334 827 398 864 con·
461 813 498 881 (4)
507 810 572 864 huic
581 827 647 880 ergo
654 811 748 865 calva·
811 813 848 880 (4)
867 811 916 865 ubi
930 828 996 865 vcro
1012 812 1097 880 galea

76 881 398 951 tenenturspiritalisvi-
425 880 485 935 riae
511 881 659 936 subiacent
677 885 747 936 tem·
776 884 825 935 est.
856 881 1003 936 subiacent
1031 882 1096 936 tim-

77 953 121 1008 uis
153 953 261 1008 cerebri
296 952 398 1021 quibus
425 969 502 1022 pora.
519 952 747 1020 quaecoutinen-
774 969 907 1021 peraque
917 953 1096 1007 continentur

79 1042 161 1094 super
196 1023 292 1094 posita
333 1025 399 1076 sunt
426 1027 472 1077 tur
482 1022 658 1093 spiritalibus
668 1023 747 1078 venis
776 1022 952 1092 spiritalibus
962 1024 1041 1078 venis
1052 1041 1096 1078 ce-

78 1095 229 1164 supercilia
252 1096 318 1147 suut
344 1109 398 1162 quc
427 1094 748 1162 cerebri.quibussuper
775 1093 857 1148 rebri.
887 1095 989 1161 quibus
1014 1112 1096 1165 super

76 1166 135 1235 pilo
150 1165 255 1220 vestita
268 1166 301 1218 ut
313 1164 337 1217 si
352 1181 398 1217 cu·
425 1165 513 1235 positi
523 1168 589 1219 sunt
597 1163 747 1234 supercilia
774 1163 869 1232 posita
901 1168 967 1218 sunt
1001 1183 1096 1234 super-

77 1237 183 1359 Eiosus.
228 1235 313 1288 sudor
369 1251 400 1288 er
425 1235 492 1305 pilis
520 1234 634 1290 vestita.
667 1238 700 1288 ut
724 1234 748 1288 si
775 1233 850 1289 cilia.
872 1238 905 1289 ut
923 1235 947 1289 si
967 1236 1096 1305 copiosus

104 1317 169 1360 onte
184 1306 330 1360 diravatus
371 1322 399 1359 e·
426 1305 556 1374 copiosus
589 1306 674 1359 sudor
698 1322 748 1374 per
776 1305 861 1359 sudor
874 1305 960 1361 fronti
976 1307 1096 1362 advene·

78 1377 117 1430 rit
126 1379 262 1445 opposeta
273 1375 399 1429 stacione
426 1376 548 1440 frontem
603 1376 747 1430 derivatus
774 1375 820 1430 rit.
854 1377 985 1447 obposita
1021 1382 1096 1433 osta·

78 1446 200 1516 pilorum
231 1447 399 1500 contenean’·
426 1445 747 1516 fueritpositafactione
774 1446 852 1501 tione
870 1447 993 1517 pilorum
1007 1449 1096 1504 couti·

79 1520 126 1570 tur
135 1519 231 1570 amuto
240 1515 328 1584 polici
343 1516 399 1570 col·
426 1517 548 1586 pilorum
560 1518 746 1572 contineatur.
774 1520 864 1573 netur.
874 1519 962 1574 donec
971 1523 1096 1575 extersus

78 1587 162 1641 lictus
196 1587 280 1641 sudor
310 1586 398 1641 oculis
427 1589 516 1641 donec
536 1588 631 1643 omnia
652 1590 747 1641 amato
775 1590 860 1643 sudor
870 1590 906 1643 ab
918 1591 1005 1644 oculis
1018 1591 1096 1645 aufe-

80 1658 397 1727 subessenonpossent.
426 1658 518 1728 police
541 1657 676 1713 collectus
703 1676 748 1711 su·
775 1662 861 1715 ratur.

428 1728 748 1799 dornocerenoupossit

427 1799 540 1855 occulis.

113 1962 151 2029 (5)
188 1957 270 2012 Oculi
304 1959 400 2011 autem
463 1962 499 2028 (t)
529 1957 620 2013 occuli
652 1960 748 2012 autem
810 1961 847 2028 (ὅ)
881 1958 956 2013 oculi
984 1976 1096 2027 qnoque

78 2030 133 2099 ipsi
152 2029 231 2084 vulvi
246 2031 399 2082 contenun·
426 2028 748 2084 insecontinenturhoc
775 2029 829 2083 iste
857 2033 979 2084 scemate
1008 2031 1096 2085 couti-

78 2104 124 2154 tur
134 2100 274 2168 quomodo
289 2115 323 2153 ex
336 2098 400 2152 basi
426 2101 510 2155 modo
525 2101 646 2154 exbase.
661 2099 748 2152 idest
774 2102 883 2155 nentur.
900 2117 934 2154 ex
943 2118 1011 2156 vaso
1022 2101 1097 2154 enim

79 2170 191 2224 cerebra
229 2170 284 2222 duo
324 2169 399 2222 fora·
426 2170 457 2223 in
474 2170 658 2225 fundamento
673 2186 748 2223 cere·
775 2171 1097 2226 cerebriforaminaorta

79 2257 161 2295 mena
194 2240 321 2293 oriuntur
350 2257 400 2309 per
426 2240 471 2294 bri
513 2242 567 2295 duo
609 2239 748 2294 foramina
776 2244 841 2295 sunt
860 2236 923 2296 duo.
943 2259 1097 2311 perquam

79 2328 133 2380 que
157 2310 320 2364 tenuissime
352 2326 399 2364 ve·
427 2311 563 2366 oriuntur.
592 2327 642 2380 per
665 2327 748 2379 quem
774 2312 939 2385 tenuissime
949 2330 1019 2382 vene
1031 2314 1096 2367 dex-

78 2398 132 2436 nae
152 2382 186 2435 de
200 2384 281 2451 parte
300 2382 400 2435 dextm
426 2381 591 2436 tenuissime
619 2397 690 2436 vene
717 2380 747 2434 in
774 2387 820 2437 tra
838 2384 957 2451 levaque
979 2383 1096 2438 alternis

78 2453 109 2506 in
141 2455 270 2506 senextra
299 2456 328 2506 et
364 2453 399 2506 de
426 2456 507 2523 parte
527 2454 642 2507 dextera
663 2454 692 2506 et
711 2453 746 2504 si·
774 2453 805 2507 in
828 2454 919 2508 vicem
942 2455 981 2508 sic
1007 2454 1096 2508 conti-

79 2526 209 2577 senextra
231 2523 262 2576 in
280 2524 400 2577 alteram
426 2525 516 2578 nistra
546 2523 649 2577 bulbus
683 2540 747 2576 ocu·
774 2528 877 2580 nentur

79 2596 189 2663 partem
212 2593 315 2647 bulbus
335 2611 399 2649 ocu·
426 2595 518 2649 lorum
535 2594 669 2650 continet.

79 2665 171 2719 lorum
207 2668 399 2719 conteueutur.

79 2734 161 2789 bulbi
169 2735 325 2804 autemipsi
335 2752 399 2789 con·
427 2735 508 2790 bulbi
516 2737 612 2789 autem
619 2735 675 2804 ipsi
683 2751 748 2788 con·
775 2737 868 2791 tonica
888 2740 960 2791 sunt.
976 2737 1035 2790 IIII.
1050 2735 1096 2789 vel

80 2808 212 2859 tenentur
225 2805 329 2858 tunicis
339 2805 399 2860 ΠΠ.
427 2805 749 2873 tinenturtouicisquin·
777 2808 817 2862 .V.
825 2807 916 2875 prima
930 2807 1033 2860 tonica.
1048 2823 1097 2873 ap·

80 2875 172 2930 vech
193 2877 222 2928 et
235 2874 400 2928 humoribus
427 2893 481 2943 que
514 2878 543 2929 et
575 2875 748 2929 humoribus.
776 2877 900 2947 pellatur
925 2876 1097 2943 cerotoydes.

80 2945 180 3000 tribus.
194 2944 286 3013 prima
300 2948 344 2998 est
357 2948 401 2998 tu·
427 2946 525 3026 prima·
547 2945 644 2999 tonica
667 2962 750 2999 voca·
778 2946 1098 3013 secundacroydester-

81 3032 225 3141 aecta
245 3014 401 3139 eaa:
428 3016 750 3154 lassatae:
778 3015 1096 3156 laturae.

81 3158 181 3212 cunda.
219 3172 297 3225 rugo.
331 3155 399 3209 ides.
428 3174 502 3209 num.
533 3158 635 3223 quarta
663 3155 749 3210 disco,
778 3157 885 3226 quinta.
928 3156 1097 3211 christalloi-

81 3228 171 3283 tercia
212 3242 325 3296 aragne.
370 3226 401 3278 id
429 3225 528 3294 quinta
547 3225 682 3295 kapister.
779 3230 836 3283 des.

82 3302 125 3354 est
135 3302 237 3367 quarta
251 3296 399 3351 discuides.

82 3369 183 3438 quinta
206 3367 400 3439 capistello.·i.

84 3441 141 3496 das.

183 3530 240 3583 ΠΙ
246 3529 299 3597 (D)
536 3527 586 3582 IV
597 3526 646 3596 (P)
900 3529 981 3597 ΠΟ)

136 3626 271 3669 Theodorus
284 3626 425 3674 Priscianus,
440 3625 474 3667 cd.
487 3626 566 3669 Bosa
604 3664 611 3681 ,
640 3637 643 3644 ’
906 3621 939 3669 28
