2288 3878
86 111 152 175 442
487 112 691 164 VINDIOIANI

121 274 176 341 (13)
204 270 384 325 coniunctum
406 272 450 324 est
472 268 589 323 vesica
653 271 708 338 (13)
739 268 875 338 longaoni
902 287 968 324 vero
999 270 1097 328 iuncta

84 342 171 397 habet
205 341 301 396 vesica
337 340 440 394 collum
473 340 590 409 longum
617 341 660 393 est
673 339 782 393 vessica
791 340 899 394 habens
914 341 1020 396 collum
1032 361 1096 398 con-

84 412 180 468 iuncta
200 413 310 467 deretro
329 411 389 465 illic
407 411 505 465 iuncta
523 412 589 464 sunt
616 409 743 463 iunctum
778 413 897 466 veretro.
935 413 1097 469 continetur

83 482 221 538 foramina
252 482 419 538 tenuissima
455 484 485 605 ᾗ
517 497 588 535 vene
616 482 712 533 autem
725 483 835 534 vessica
845 481 919 536 inter
930 483 1000 537 duos
1015 501 1095 540 renes

84 555 120 609 ab
144 554 235 624 ispine
259 552 391 608 medullis
409 551 588 607 venantibus
615 551 787 606 recumbens.
820 569 900 607 renes
929 556 1026 608 autem
1053 573 1097 610 re-

82 624 113 678 in
129 624 256 680 testiculi
275 640 369 678 semen
388 622 589 677 administrent
616 621 779 676 cumbentes
790 626 856 676 sunt
866 624 985 679 edhilia
996 626 1095 681 dextra

82 697 158 764 quod
185 695 262 765 greci
290 693 474 764 spermaticus
501 710 587 762 purus
614 692 742 760 levaque.
766 693 847 747 nervi
871 697 936 749 sunt
959 712 1027 750 vero
1047 697 1095 766 qui

81 769 192 821 vocant.
216 766 286 820 haec
310 769 353 819 est
376 763 490 818 seminis
513 764 587 818 fora·
614 762 740 817 testiculi
752 763 905 820 continent.
921 767 998 833 quod
1012 784 1094 836 grece

81 836 158 892 mina
176 839 263 892 testes
278 840 374 890 autem
390 836 503 889 iunctae
522 836 588 888 sunt
614 836 750 888 masteres
791 838 903 890 vocant.
947 839 977 891 et
1017 839 1095 908 greci

81 911 111 962 et
127 907 221 962 nervis
240 907 286 962 vel
309 906 388 961 venis
406 904 586 975 genuissimis
614 906 714 958 nesten
737 905 843 960 dicunt.
870 907 922 961 sub
946 907 1001 961 hoc
1020 909 1095 962 enim

79 978 179 1034 inserti
198 981 270 1033 sunt.
614 978 658 1028 est
671 974 846 1032 intestinum.
861 976 919 1030 illis
931 994 999 1032 vero
1014 981 1094 1034 testi-

614 1045 685 1098 culis
700 1045 849 1119 subiunctg
865 1050 931 1102 sunt
945 1050 1093 1106 foramina.

613 1132 664 1197 per
677 1133 762 1184 quam
776 1117 942 1173 tenuissime
956 1137 1037 1176 vene.
1057 1122 1093 1175 ab

614 1187 1094 1382 :ltlftttltttsstdttti

612 1344 723 1383 rocan.

116 1544 171 1612 (14)
182 1540 411 1610 apeudismemon
420 1539 585 1609 arcusespi-
649 1540 694 1608 (cf.
714 1541 771 1596 cod.
792 1541 818 1597 S.
835 1542 909 1599 Gall.
923 1547 959 1598 44
974 1561 1004 1613 p.
1014 1548 1090 1614 213).

77 1615 176 1668 nectus
200 1611 353 1665 dactuleus.
378 1611 402 1664 si
425 1610 489 1680 quis
507 1610 584 1681 greci

78 1687 107 1739 θὴ
139 1682 263 1737 cantoris
294 1681 391 1736 multis
422 1680 583 1735 nominibus

78 1773 177 1809 enum
208 1755 380 1808 vocaverunt
407 1752 584 1822 apeudisme·

77 1843 134 1880 non
152 1825 275 1879 extalem
295 1823 433 1878 dixerunt.
461 1825 490 1876 et
508 1823 584 1891 quod

4 1940 6 1962 2
77 1899 170 1952 eustos
189 1895 265 1965 greci
283 1898 391 1948 rectum
411 1893 522 1947 dicatur
537 1893 584 1946 vel

78 1984 167 2022 arcus.
191 1967 318 2037 isfinctus
339 1981 371 2019 eo
391 1964 468 2033 quod
486 1980 583 2018 secun-

77 2039 144 2091 dum
157 2041 289 2092 naturam
303 2033 472 2104 constringit
486 2035 583 2088 dactu-

76 2109 144 2164 leos.
170 2109 246 2176 quod
270 2109 314 2161 θεὴ
337 2105 421 2160 anulo
440 2104 517 2174 greci
536 2104 582 2158 elo

77 2178 242 2252 dactulgdin
253 2178 358 2232 dicunt.
369 2176 477 2230 latinae
487 2178 583 2229 autem

75 2267 161 2304 anum
170 2251 281 2303 vocent.
293 2264 326 2302 eo
336 2247 412 2315 quod
421 2246 452 2300 in
461 2246 582 2300 rotundo

76 2319 253 2388 constringat
271 2318 302 2372 in
319 2318 434 2372 modum
453 2316 538 2371 anuli.

111 2427 165 2494 (15)
180 2423 226 2478 cui
236 2423 393 2478 similitudo
404 2425 447 2477 θεὴ
456 2421 582 2476 matrix
646 2425 723 2490 (eunt
736 2425 914 2494 quaestines,
935 2426 1029 2494 quales
1041 2425 1086 2481 So·

75 2494 268 2564 conpositione
300 2493 388 2548 habet
420 2492 581 2548 cocurbitae
608 2493 682 2548 rani.
702 2493 737 2561 cf.
753 2493 856 2549 Sorani
873 2512 985 2566 gynaec.
1000 2497 1026 2564 Ι,
1044 2502 1086 2551 10.

75 2563 267 2619 medicinales.
283 2564 358 2631 quod
372 2563 484 2618 tunicas
493 2564 582 2618 habet
609 2567 634 2618 9.
655 2566 691 2618 12
709 2564 749 2620 cd.
769 2565 847 2634 Dipo.
862 2569 959 2634 1882).

75 2634 180 2689 matrix
198 2636 333 2703 quattuor
347 2634 417 2688 dues
431 2633 507 2688 intro
522 2651 581 2688 car·

73 2723 166 2760 nosas.
192 2708 220 2761 et
244 2705 314 2758 duas
342 2703 415 2758 fores
439 2721 580 2760 nervosas.

75 2777 154 2831 cuius
172 2792 304 2830 mensura
323 2778 366 2831 θεὴ
384 2775 529 2831 orificium.
551 2775 581 2829 in

74 2847 198 2918 corporis
221 2846 357 2917 puellaris
383 2846 520 2901 orificium
539 2845 581 2899 di-

73 2919 197 2989 gitorum
207 2920 341 2986 quattuor
350 2916 476 2971 mulieris
485 2918 580 2970 autem

74 2989 103 3042 di
126 2990 227 3043 'torum
246 3005 294 3043 sex
312 2987 363 3042 ubi
384 2986 495 3058 positae
515 2988 580 3040 sunt

72 3077 107 3114 ve
127 3060 158 3113 in
167 3059 251 3128 quale
259 3061 341 3129 parte
356 3057 480 3127 corporis
491 3056 579 3126 ipsius

73 3147 201 3185 caverna.
225 3129 255 3182 in
280 3130 380 3183 dextra
401 3131 482 3198 parte
501 3127 580 3182 etin

73 3200 188 3255 sinistra
202 3199 251 3268 qni
264 3199 346 3252 urina
357 3198 513 3254 dimittunt.
529 3197 579 3251 sed

73 3271 203 3325 similiter
225 3269 330 3324 femina
346 3269 494 3323 testiculus
513 3284 579 3323 con-

71 3341 161 3396 tinere
176 3357 245 3409 quos
261 3341 394 3393 dedemus
408 3341 519 3395 vocant.
536 3339 578 3392 la-

71 3411 130 3467 tine
149 3414 244 3466 testes.

284 3480 305 3532 Ι
313 3480 364 3548 (θ)
