2288 3878
96 132 138 197 32
396 135 586 187 rnnooonr
603 130 784 187 rumorum

44 298 88 361 30
187 302 266 359 iuvat
293 316 377 378 sane,
404 307 437 359 ut
466 300 604 378 superius
625 300 870 379 memoravimus,
897 297 935 357 ad
956 298 1029 358 haec
1048 298 1096 357 inr-

97 388 204 468 plenda
228 390 317 449 etiam
335 390 427 448 totius
447 388 582 466 eorporis
599 388 804 466 purgatorium
822 384 1003 448 catholicum
1018 385 1096 446 bene

98 480 207 539 licium.
258 484 288 537 et
320 476 454 536 ciborum
486 478 668 536 continentia
699 482 729 536 et
760 477 904 557 potionis,
936 475 1095 536 exercitatio

98 585 216 646 quoque
235 572 265 625 et
283 563 466 625 lavacrorum
483 563 645 645 diligentia,
662 571 693 625 et
705 566 834 625 vomitus
848 562 896 624 rel
909 565 1094 643 purgationes,

72 654 272 734 scapillorum
296 652 446 733 relevatio,
469 655 591 731 sanguis
614 652 650 713 de
673 652 797 713 naribus
819 659 1011 734 provocatus,
1035 651 1095 712 haec

99 746 197 805 omnia
220 744 335 803 cautius
358 740 512 801 observata
536 740 696 802 choeradas
716 740 805 801 duras
825 748 855 801 et
873 740 1012 801 difficiles
1029 740 1095 800 etin

99 851 170 893 cura
192 832 304 911 positas
328 829 513 908 frequentius
537 836 722 890 curavenmt.

352 1023 412 1083 ΧΠ.
450 1023 495 1083 De
520 1023 705 1084 oculorum
729 1025 856 1084 causis.

48 1129 88 1191 31
190 1130 300 1191 Omnes
331 1129 493 1209 particulae
522 1148 681 1208 corporum
707 1132 838 1208 propriis
865 1130 1003 1209 indigent
1027 1145 1095 1190 curo·

62 1233 87 1273 1⁰
102 1220 247 1300 tionibus,
276 1219 354 1279 oculi
377 1236 464 1298 quam
493 1220 633 1299 maxime,
660 1236 765 1296 magna
789 1236 864 1297 quae
888 1226 960 1279 sunt
981 1217 1096 1298 corporis

101 1315 281 1369 ornamenta.
327 1308 374 1367 his
397 1324 524 1385 namque
548 1308 644 1385 primo
666 1306 770 1367 leviter
789 1325 843 1368 seu
861 1325 972 1387 vapore
990 1326 1042 1368 seu
1057 1304 1096 1365 lri·

101 1414 172 1474 gore
185 1395 232 1455 vel
248 1397 357 1455 ceteris
371 1395 539 1474 quibusque
554 1394 719 1473 originibus
734 1414 802 1455 oum
816 1395 908 1456 luerit
921 1394 1095 1476 attemptatio,

102 1481 280 1562 generaliter
308 1482 445 1542 omnibus
474 1484 624 1561 frequenti
650 1483 774 1561 frigidae
802 1483 945 1562 pusculae
972 1485 1096 1545 fomenta

102 1574 183 1631 tione
207 1587 261 1630 nos
285 1572 440 1630 conveniet
463 1570 590 1631 obviare.
632 1572 659 1631 si
678 1572 714 1632 de
733 1572 844 1650 frigore
863 1590 935 1651 ergo
955 1570 1097 1648 obvenerit,

62 1671 89 1712 15
102 1661 163 1719 vini
185 1660 276 1718 mixta
296 1656 389 1717 calida
411 1661 531 1737 potione
555 1659 675 1719 iovenili
698 1667 775 1721 sunt.
822 1663 924 1722 nimiis
945 1680 1015 1722 rero
1033 1674 1097 1721 con·

104 1865 241 1920 Stercus
261 1865 493 1919 columbinum
507 1882 571 1919 cum
586 1868 665 1920 aceto
679 1865 779 1920 tritum
797 1864 925 1935 inponite
940 1868 1100 1935 (-netnrr.

103 1936 236 2007 qniradas
251 1937 346 2006 (-des
360 1939 384 2005 r)
404 1937 500 1990 solvet.
539 1937 635 2004 (Juvat
657 1953 725 1990 sane
748 1944 794 1992 etc.
814 1938 849 2005 cf.
867 1954 909 2007 gr.
929 1938 1027 1994 Galen.

99 2026 122 2079 p
175 2086 244 2134 1-3
262 2081 329 2134 tace
347 2079 470 2134 breviora
484 2079 553 2132 daut
567 2078 609 2133 br.
669 2079 702 2131 ut
719 2096 740 2132 s.
759 2077 977 2133 memoravimus
996 2080 1037 2148 Β,
1051 2071 1104 2128 -ri

105 2153 176 2208 Get:
196 2168 245 2206 om.
266 2152 311 2205 br.
444 2153 459 2201 2
479 2147 570 2215 (iuvat
585 2194 590 2203 .
603 2192 608 2204 .
621 2150 637 2218 .)
651 2148 846 2219 purgatorium
860 2166 882 2204 e.
897 2149 925 2205 b.
946 2152 976 2204 et
993 2149 1104 2205 ciborum

106 2223 176 2278 oei:
200 2222 310 2290 (iuvant
325 2223 377 2290 ...)
396 2218 538 2274 catholica
560 2220 704 2275 beneficia.
746 2237 814 2274 nam
835 2222 865 2274 et
890 2236 913 2275 c.
932 2220 961 2275 Β
986 2217 1103 2291 (eorporis

103 2292 235 2363 purgatio
254 2293 284 2346 et
302 2308 324 2346 e.
345 2292 398 2360 br).
490 2296 506 2344 3
525 2292 555 2344 et
571 2290 694 2359 potionis
709 2291 810 2361 Blbr):
830 2293 859 2345 et
871 2290 1003 2361 potiones
1020 2288 1105 2345 invent

106 2364 164 2418 oei.
251 2361 414 2416 exercitatio
432 2364 468 2417 rb
481 2362 537 2417 oei.
558 2363 616 2430 (ubi
635 2361 750 2416 assidua
768 2363 832 2417 add.
852 2363 911 2431 br):
930 2361 1062 2418 exercitio
1077 2360 1104 2415 B.

105 2438 122 2485 4
140 2434 170 2486 et
187 2431 311 2486 vomitus
329 2431 375 2485 vel
392 2432 574 2503 purgationes
593 2439 640 2488 ete.
660 2435 718 2503 (sic)
737 2433 765 2486 B
777 2433 849 2489 Gal:
867 2433 992 2489 vomitus
1010 2435 1038 2489 ot
1053 2446 1106 2503 pur·

105 2502 187 2572 gacio
206 2503 245 2570 (et
262 2501 392 2558 vomitus.
411 2503 586 2573 purgatior)
605 2502 779 2572 capillorum.
800 2503 915 2573 sanguis
934 2511 983 2563 etc.
1001 2507 1043 2561 br.

106 2579 152 2628 oe
170 2572 286 2626 naribus
300 2575 465 2641 procuratus
480 2577 522 2630 tr.
575 2582 590 2628 6
605 2573 715 2628 caulius
730 2575 881 2629 observato
893 2575 1010 2632 celiel:
1023 2591 1069 2631 om.
1078 2571 1104 2627 B.

107 2646 135 2699 et
152 2643 183 2699 in
202 2660 268 2697 eura
286 2643 394 2712 positas
413 2646 519 2702 Boii:
539 2662 589 2700 om.
610 2647 652 2701 tr.
762 2652 777 2700 'l
796 2645 972 2713 frequentius
990 2654 1105 2701 convert

107 2716 164 2770 Get.
184 2715 314 2783 (curavef
331 2717 420 2784 simpl.
440 2717 455 2771 b
474 2722 499 2771 ct
513 2717 614 2769 —runt
631 2718 670 2786 r):
690 2716 859 2770 adiuverunt
877 2718 913 2773 Β.
987 2722 1004 2771 8
1022 2717 1061 2772 Do
1074 2726 1105 2768 oo.

107 2784 200 2840 causis
218 2785 264 2841 XI.
284 2788 320 2855 Β,
338 2785 380 2840 De
399 2802 439 2842 oo.
460 2787 560 2842 causis.
580 2786 711 2841 theodori
728 2786 872 2858 prisciani.
892 2788 1004 2858 oapxl
1017 2789 1063 2858 (sio
1077 2780 1104 2839 ot

106 2876 140 2912 uz.
151 2859 236 2925 rubr.)
247 2875 269 2927 r,
284 2858 325 2912 De
340 2857 484 2913 oculorum
494 2888 527 2897 -
538 2888 613 2897 —-
624 2860 673 2927 (sie
686 2860 793 2928 imperf.
808 2860 895 2928 rubr.)
910 2859 933 2914 b.
952 2866 1066 2915 eruum
1079 2850 1104 2919 tl·

106 2947 146 3000 pr.
167 2928 253 2998 (Gal.)
272 2945 363 2999 cuper.
379 2934 406 2997 1,
420 2935 437 2984 5
451 2930 538 2997 XIV,
556 2932 610 2984 339
629 2935 654 2983 et
672 2931 720 2999 qui
738 2931 828 2985 eodem
845 2930 922 2997 fonte
938 2932 1031 2987 utitur
1047 2926 1105 2985 Ouo·

109 2998 169 3054 Fet.
189 3015 211 3054 e.
225 3004 261 3055 29
277 3017 307 3069 p.
322 3004 358 3054 48
366 3016 420 3070 sqq.
502 3004 534 3054 10
553 3007 610 3068 qua
626 2999 757 3068 maxime,
775 3017 881 3070 magna
899 3000 1023 3070 corporis
1041 3008 1106 3055 orn*

107 3070 204 3123 menta
223 3071 297 3140 oet,
315 3078 371 3139 qua
388 3070 510 3125 maxime
532 3087 708 3140 magnaeque
731 3073 797 3125 sunt
814 3073 875 3140 (om.
894 3087 918 3126 o.
936 3072 1017 3154 0.)B,
1037 3078 1107 3141 qum

107 3140 230 3196 maxime
253 3158 307 3214 quq
332 3144 397 3196 sunt
410 3159 433 3199 c.
449 3158 473 3196 o.
492 3159 520 3197 r:
543 3141 665 3196 maxime
688 3142 738 3210 qni
761 3145 827 3197 sunt
849 3158 872 3197 o.
891 3141 1036 3197 mirabihe
1052 3157 1074 3195 o.
1088 3135 1106 3190 t.

109 3217 141 3266 11
161 3211 213 3265 His
233 3214 291 3282 (cte)
311 3213 415 3268 erel.
435 3219 460 3267 et
477 3219 542 3268 oute
558 3230 614 3269 raa.
633 3215 674 3269 B:
692 3212 731 3266 Hi
748 3214 804 3271 Bo.
887 3218 921 3267 12
941 3229 1006 3268 cnm
1023 3206 1107 3269 oeus

108 3285 152 3339 tic
167 3300 216 3337 om.
232 3284 279 3338 Br
293 3284 352 3352 (ubi
366 3290 428 3338 autc
441 3281 531 3352 primo
550 3302 573 3340 o.
590 3287 642 3353 11).
706 3283 792 3338 fuerit
807 3283 964 3339 attentaeio
978 3287 1007 3342 oz
1020 3272 1109 3338 fuerini

108 3353 273 3423 attemptati
287 3353 439 3423 (adtentnti
455 3355 523 3423 oet.)
537 3356 584 3409 rB
594 3354 651 3410 (aei.
709 3361 741 3409 13
755 3354 897 3424 frequenti
913 3356 986 3412 Gela
1001 3356 1075 3409 —ur
1081 3346 1108 3411 B·

109 3424 222 3479 -tibus
241 3427 285 3481 br.
359 3430 393 3479 14
411 3424 560 3480 conveniet
580 3427 651 3482 Get:
671 3424 750 3479 -nit
767 3426 868 3495 Bor„
911 3442 979 3497 orgo
997 3418 1110 3481 anate

109 3498 209 3553 vorot.
266 3501 300 3551 15
309 3495 584 3554 mixtazoithGet.
634 3486 1125 3555 eommouonis2-nibusntirl.rt'
