2288 3878
66 170 132 236 284
400 172 745 227 rsnuuo-rusouom

455 331 502 385 De
521 330 686 400 singultu.

139 410 284 480 Singultus
304 411 328 465 si
346 414 430 466 nutus
453 410 552 479 fuerit,
573 427 674 465 manus
696 409 797 465 ambas
818 411 850 465 in
874 411 973 469 calida
995 414 1086 470 teneri

64 489 161 545 facies.
194 491 264 545 item
292 490 409 546 anulum
436 491 549 545 assidue
577 507 641 544 cum
674 489 773 560 digitis
797 491 1022 548 medicinalibus
1051 496 1086 550 de

67 571 166 625 dextra
188 571 219 624 in
242 570 386 624 sinistram
409 573 438 624 et
456 586 471 624 e
490 586 625 625 converso
647 569 773 625 inducat.
802 570 873 625 item
896 588 1002 629 nomen
1024 575 1084 630 eius

39 650 96 704 sin
114 667 200 703 manu
219 649 279 705 eius
297 649 382 704 rectis
401 648 506 704 litteris
525 649 629 719 scribe,
655 651 684 704 et
701 648 796 720 legere
815 649 900 705 illum
917 652 974 708 hoc
991 652 1084 724 ipsum

64 746 167 783 nomen
190 729 275 799 cogis.
306 728 331 782 si
358 732 454 783 sutem
476 729 643 784 illitteratus
670 728 770 798 fuerit,
793 728 890 799 ipsum
917 748 1023 788 nomen
1049 750 1083 788 ex

66 826 141 877 aqua
163 808 274 863 lavabis
297 811 327 863 et
349 808 377 863 ei
398 807 471 862 illud
494 808 575 878 potui
598 807 689 864 debis.
717 811 748 863 et
769 809 852 880 piper
875 813 906 865 et
925 816 1085 868 castoreum

66 905 157 957 aequa
176 904 307 942 mensure
325 887 425 942 tritum
444 905 508 942 oum
529 905 604 956 equa
626 887 721 942 calide
743 889 826 958 potui
849 890 928 946 dato.
957 893 1005 947 vel
1022 911 1083 948 cum

66 969 184 1023 adriano
212 968 346 1023 adiuncto
371 985 477 1022 summe
504 969 582 1024 facit.
616 968 656 1022 sio
680 972 709 1024 et
732 968 795 1024 loco
818 969 913 1026 calido
939 973 965 1026 si
991 973 1085 1028 iaceat

26 1047 136 1101 rosetis
159 1046 247 1102 iuvat.
276 1050 306 1102 et
332 1050 431 1117 pectus
455 1047 515 1101 eius
544 1046 606 1104 oleo
634 1049 754 1103 nardino
779 1048 892 1106 fricato.
920 1051 962 1106 sic
984 1056 1015 1108 et
1037 1053 1083 1107 dis

67 1128 144 1182 trion
162 1144 303 1198 pepereon
322 1128 420 1182 datum
440 1127 509 1181 satis
528 1127 617 1183 iuvet.

67 1235 257 1302 semeae)
269 1235 307 1288 de
322 1233 465 1289 testium
479 1233 785 1303 indignationibus
800 1234 855 1289 vel
869 1234 1082 1307 vitiis(ectr.).

13 1312 56 1382 IV)
137 1313 268 1381 cupressi
295 1313 384 1367 bacae
414 1312 480 1367 vino
509 1316 606 1368 coctae
630 1316 660 1368 et
685 1312 771 1368 tritae
799 1317 876 1369 recte
904 1317 1082 1371 conveniunt.

66 1390 147 1445 bulbi
165 1391 228 1445 triti
247 1408 280 1445 ex
298 1391 391 1446 mulsa
409 1393 439 1446 et
460 1391 560 1447 illiniti
577 1395 702 1462 prosunt.
730 1395 796 1447 ruta
815 1410 879 1447 oum
902 1394 993 1464 cymis
1012 1395 1082 1450 lauri

18 1487 51 1526 us
65 1469 224 1523 tenerrimis
242 1471 312 1525 trita
336 1474 365 1526 et
387 1471 521 1541 imposita
539 1472 657 1527 testium
678 1471 804 1526 dolorem
822 1471 979 1528 efficaciter
997 1475 1079 1530 tollit.

65 1549 161 1603 fabam
179 1549 246 1604 vino
266 1554 376 1605 coctam
394 1554 424 1606 et
442 1568 505 1605 cum
524 1569 600 1620 aquo
617 1553 717 1606 tritam
730 1568 811 1622 poue.
839 1551 893 1605 lini
912 1553 1030 1609 seminis
1043 1555 1083 1609 fa-

66 1629 158 1682 rinam
172 1646 237 1682 cum
254 1630 348 1684 resina
365 1634 394 1685 et
411 1649 506 1686 murra
524 1648 606 1701 pone,
629 1632 699 1686 mire
718 1631 795 1686 facit.
824 1631 944 1687 feniculi
961 1633 1083 1691 farinam

66 1726 129 1763 cum
142 1709 301 1778 hydromeli
315 1714 433 1781 coctam,
448 1712 487 1765 ad
502 1728 597 1765 omnes
611 1709 806 1766 testiculorum
821 1710 933 1766 dolores
948 1715 1083 1768 tumores-

66 1807 119 1859 que
134 1790 212 1845 facit.
240 1790 338 1845 fabam
356 1791 460 1846 fresam
474 1808 537 1846 cum
555 1791 667 1860 cymino
682 1793 711 1844 et
723 1789 794 1844 lotio
810 1789 947 1846 detritam
960 1792 1081 1863 impone.

25 1887 51 1924 ao
66 1871 190 1941 cupressi
208 1870 298 1926 bacae
317 1889 380 1925 cum
398 1871 465 1927 vino
484 1874 581 1926 coctae
601 1870 733 1926 attritae
752 1872 781 1924 et
798 1870 968 1942 impositae,
987 1872 1081 1928 ulcera

66 1951 183 2006 testium
202 1954 292 2007 sanat.
312 1951 417 2006 radicis
432 1950 541 2006 cicutae
561 1953 657 2004 cortex
670 1953 764 2018 tunsa,
784 1949 883 2004 ablata
900 1950 973 2005 folia
991 1952 1082 2007 cinere

65 2029 159 2085 calido
179 2031 366 2100 appositaque
384 2029 505 2085 testibus
524 2029 690 2102 <prod>est

65 2136 113 2191 Ao
126 2137 156 2204 1,
170 2141 208 2191 27
224 2141 290 2206 (78)
311 2137 350 2190 de
368 2134 498 2190 veretri
518 2135 717 2225 causatione
733 2138 810 2204 (eutr.
827 2143 891 2205 post
907 2139 1082 2207 tangendum

13 2295 69 2365 LVI)
137 2295 316 2365 Plantaginis
343 2311 408 2348 suco
437 2217 745 2364 tepidoerflllnentabiu
774 2295 847 2350 etsi
873 2299 969 2350 tumor
998 2297 1083 2352 fuerit

26 2389 51 2427 ao
65 2375 158 2444 ipsam
176 2376 274 2429 tritam
293 2374 414 2443 impone.
442 2374 466 2427 si
484 2373 564 2427 ulcus
583 2373 612 2426 in
636 2377 747 2429 veretro
765 2374 864 2444 fuerit,
886 2378 1000 2431 murtae
1021 2377 1083 2447 pul-

65 2469 130 2508 vere
150 2470 264 2523 asperso
279 2453 435 2507 sanabitur.
455 2455 484 2506 et
499 2452 613 2507 acaciae
627 2453 722 2523 pulvis
737 2454 777 2508 sic
792 2457 821 2508 et
835 2455 941 2524 lycium
960 2459 990 2510 et
1003 2457 1083 2527 glau-

65 2532 139 2585 cium
158 2532 236 2586 facit.
264 2535 375 2586 murtae
394 2531 465 2586 folia
482 2533 705 2603 commanduoet‚
725 2536 754 2587 et
769 2534 889 2588 salviam
907 2537 971 2588 oum
991 2536 1082 2605 digito

139 2678 153 2725 1
178 2674 219 2728 ita
238 2690 288 2742 seq.
309 2674 391 2728 iosor.
406 2675 464 2728 cod.
480 2675 495 2729 b
511 2675 586 2742 (siue
603 2677 701 2743 rubr).
757 2682 772 2729 2
791 2676 822 2729 in
845 2674 896 2730 oal’
917 2678 986 2731 tenir
1006 2678 1029 2733 b.
1049 2680 1082 2746 cf.

64 2761 153 2816 Maro.
170 2765 319 2830 p.176,5.
430 2749 551 2817 ore⁹c⁴tis
571 2765 631 2834 (sic)
651 2765 673 2818 b.
799 2770 815 2818 8
834 2781 926 2833 aequa
949 2782 1081 2821 mensura

65 2833 116 2900 (oei
130 2848 220 2900 aequo
239 2832 363 2902 pondere
377 2835 418 2889 oei
432 2850 466 2888 ex
485 2837 599 2903 aequo):
619 2851 675 2889 aua
690 2836 760 2902 oar
773 2839 880 2905 ruffo).
937 2838 1082 2892 9adriano

64 2902 209 2957 adiunctio
226 2906 288 2972 (sic)
309 2906 332 2960 t,
407 2910 439 2959 11
459 2905 595 2975 pipereon
613 2908 636 2961 b.
693 2911 726 2959 13
746 2905 868 2975 Cipressi
887 2906 990 2962 baccas
1014 2909 1081 2963 vino

64 2976 158 3028 coctus
178 2978 207 3028 et
225 2975 308 3030 tritas
328 2977 351 3031 b.
371 2978 405 3044 cf.
427 2977 586 3032 Scribonius
604 2980 669 3032 233.
743 2982 777 3029 14
795 2977 865 3031 trita
877 3021 882 3032 .
895 3021 917 3033 ..
933 2977 1042 3033 illinita
1057 2983 1080 3036 b.

62 3045 96 3111 cf.
117 3045 164 3101 Ps.
184 3046 260 3102 Plio.
272 3065 301 3117 p.
318 3052 363 3114 63,
378 3052 420 3103 14.
529 3051 606 3103 ruta:
625 3050 659 3116 cf.
680 3048 725 3102 Ps.
745 3048 822 3103 Plio.
839 3066 868 3118 p.
885 3053 989 3115 63,15.
1068 3095 1072 3103 „

64 3121 97 3169 15
116 3115 223 3171 efficiat
242 3119 264 3173 b.
343 3118 567 3174 rarobacco.
596 3119 953 3187 cfiPs.Plio.p.63,19.
1028 3121 1081 3175 lini

64 3204 84 3240 s.
103 3186 121 3241 f.
142 3189 176 3255 cf.
192 3188 238 3243 Ps.
254 3189 330 3244 Pus.
346 3208 376 3259 p.
393 3194 496 3257 63,1e.
548 3195 581 3243 17
600 3188 717 3244 feniculi
735 3191 770 3257 cf.
790 3189 837 3244 Ps.
857 3190 936 3244 Plio.
953 3209 983 3260 p.
1000 3196 1044 3259 64,
1055 3197 1080 3247 5.

65 3263 98 3311 18
117 3259 271 3326 ydromellc
291 3262 314 3315 b.
388 3267 422 3315 19
440 3260 509 3314 fabo
527 3267 573 3317 etc.
593 3262 617 3317 b.
691 3265 726 3313 20
744 3260 846 3314 baccas
866 3267 912 3316 etc.
934 3264 1081 3332 (utsupra

62 3346 86 3382 o.
102 3333 159 3396 13).
232 3337 265 3384 21
281 3334 378 3386 sanet:
397 3333 450 3386 tuo
467 3348 551 3401 usque
569 3332 703 3398 ewirle).
777 3330 882 3384 ablatis
896 3330 974 3386 foliis
993 3333 1081 3387 cinire

64 3399 157 3454 calido
184 3401 370 3471 oppositoque
397 3401 520 3456 testibus
538 3413 575 3462 ÷
594 3404 654 3472 (sic)
674 3402 697 3456 b.
727 3401 761 3467 cf.
786 3401 878 3458 Marc.
899 3420 929 3471 p.
949 3407 1016 3471 343,
1035 3409 1079 3459 33.

63 3476 126 3539 344)
140 3478 165 3526 4.
274 3478 308 3526 25
328 3477 395 3527 sucis
413 3472 514 3542 tepidi
533 3476 557 3529 b.
674 3477 708 3526 2ss
726 3471 810 3526 mirte
829 3472 945 3541 pulvere
964 3479 1080 3544 aspersu

52 3544 173 3600 sanab'r
191 3545 214 3602 b.
290 3548 325 3601 28
344 3543 458 3616 glaucia
477 3545 501 3600 b.

408 3778 499 3822 ’ἱ
