2288 3878
82 126 125 209 5'6
393 146 584 199 rnnononr
601 146 780 199 puisentur

172 313 203 371 in
231 319 348 371 tumore
375 328 445 372 vero
473 313 570 390 posita
597 328 667 372 cum
695 309 822 390 amplius
850 314 1103 394 reumatizaverit,

84 399 160 460 sales
183 402 247 460 triti
271 419 339 461 eum
362 398 449 459 melle
473 398 600 461 multum
622 406 749 479 prosunt
771 397 905 460 adhibiti
948 407 980 461 et
1002 401 1100 481 dacty-

83 487 180 549 lorum
203 506 279 569 ossa,
302 496 332 549 et
356 491 381 548 si
404 506 496 548 nuces
516 487 625 548 virides
643 490 807 549 inmaturae
829 487 990 550 comburas
1016 497 1047 550 et
1065 508 1095 550 er

83 576 129 637 his
157 576 309 656 pulverem
337 578 426 637 iacias
455 584 485 636 et
513 577 676 637 admisceas
704 575 843 637 similiter
870 584 922 638 aut
948 577 1095 639 modicum

58 667 252 744 udespumati
275 664 372 725 mellis
396 671 446 725 aut
468 664 663 726 melicratum.
705 671 735 725 et
757 664 876 725 alumen
893 673 1049 727 umectum
1068 669 1097 726 in

84 773 152 815 vase
169 753 253 814 fictili
277 771 401 833 coques,
425 760 454 812 et
477 760 545 831 post
572 772 608 813 ex
631 751 754 832 pulvere
777 753 855 813 lacto
877 772 966 815 uvam
989 762 1098 835 tangas,

84 850 115 904 et
143 845 284 903 continuo
312 841 487 902 desiccatur.
533 843 577 901 sic
605 841 642 902 de
668 840 790 921 pulvere
813 841 949 903 radicum
972 842 1100 905 caulium

84 931 315 1010 combustarum,
339 932 382 990 sic
405 932 495 990 etiam
518 929 554 989 de
578 931 658 990 aneti
682 928 828 990 similiter.

30 1012 75 1075 54
174 1022 200 1080 si
223 1019 331 1079 alllatio
356 1020 416 1078 oris
436 1019 534 1100 luerit,
557 1018 636 1096 quod
655 1018 773 1097 aptham
792 1017 987 1100 appellamus,
1010 1021 1102 1080 nimia

46 1118 72 1158 1⁰
84 1111 203 1169 ustione
226 1106 440 1186 intercedente,
463 1125 560 1167 rosam
584 1109 694 1167 siccam
713 1124 781 1167 cum
798 1105 886 1168 melle
905 1109 1011 1169 tritam
1028 1107 1103 1169 locis

85 1199 211 1276 impone.
258 1204 288 1257 et
315 1194 498 1275 portulacam
524 1197 556 1255 in
579 1194 667 1256 melle
691 1194 829 1255 similiter
851 1195 1050 1277 infundimus,
1073 1205 1103 1257 et

85 1286 274 1346 massandum
298 1285 410 1345 damus
457 1291 486 1343 et
505 1282 598 1344 olivae
617 1283 687 1344 lolia
705 1282 811 1343 viridia
829 1285 861 1343 in
879 1286 949 1345 vino
970 1284 1103 1366 decocta,

86 1391 122 1432 ex
155 1392 213 1450 quo
245 1373 345 1451 tepido
378 1390 412 1431 os
445 1373 617 1450 frequenter
649 1371 838 1432 colluendum
868 1379 923 1433 est.
975 1391 1045 1434 nam
1073 1381 1103 1434 et

86 1459 216 1520 avellana
234 1478 302 1519 cum
321 1460 494 1539 despumato
509 1459 597 1520 melle
612 1462 739 1521 contrita
757 1477 812 1539 pro
827 1459 970 1521 electario
985 1480 1105 1541 semper

47 1559 72 1600 1⁵
89 1547 255 1608 adhibenda
278 1554 333 1628 est,
355 1556 388 1608 ut
412 1552 472 1609 oris
496 1551 575 1609 ustio
600 1548 790 1628 depurgetur.

159 1742 172 1789 1
184 1735 412 1805 pontatecuvule
422 1738 461 1792 sic
470 1738 550 1807 quom
558 1753 615 1791 ooo
624 1737 743 1792 ῖιαῖιεαιιῖ
755 1737 1107 1807 immundae-12

85 1808 168 1864 etiam
185 1809 222 1863 rb
234 1807 292 1862 θεῖ.
312 1814 359 1862 oet.
378 1808 413 1874 cf.
433 1810 470 1862 od
488 1824 557 1876 seqq.
575 1825 616 1878 pr.
631 1825 662 1876 p.
682 1811 738 1863 362
755 1825 779 1862 o.
794 1811 876 1877 Baqp.
964 1808 1065 1862 atriti
1082 1825 1106 1864 c.

85 1896 121 1934 m.
141 1897 177 1935 m.
183 1880 308 2004 prosunt
327 1876 449 1932 adhibiti
459 1877 565 1947 (-biio
580 1880 606 1947 b)
621 1879 683 1934 bB:
701 1877 785 1932 tritos
804 1895 826 1933 c.
841 1895 878 1934 ιιι.
892 1877 1031 1933 adhibeto
1047 1880 1108 1936 θεῖ.

82 1958 146 2022 post
165 1968 182 2005 a
202 1949 294 2004 hibito
314 1952 372 2018 (sic)
391 1951 455 2004 odd.
476 1951 491 2003 b
516 1948 562 2003 vel
586 1951 680 2004 cetera
699 1965 784 2019 supra
802 1947 880 2003 dictu
898 1965 1019 2018 quorum
1045 1950 1106 2005 offi-

86 2022 190 2077 cutiam
210 2037 320 2092 semper
337 2018 518 2089 probavimus
533 2021 613 2089 (quoe
630 2026 754 2089 spectent
771 2021 809 2074 od
827 2036 914 2090 aspra
931 2021 1034 2077 aciditas
1042 2029 1110 2091 post

85 2110 131 2149 ros
150 2093 309 2164 syriacum).
415 2094 455 2145 et:
475 2093 533 2159 (oio)
552 2092 600 2145 rB
611 2091 670 2146 θεῖ.
689 2092 750 2158 (orn.
769 2091 803 2159 b).
911 2095 928 2142 3
948 2092 978 2145 et
996 2090 1023 2145 si
1040 2093 1109 2148 rB:

89 2168 118 2220 ei
129 2166 196 2236 θεῖ,
210 2164 291 2219 valo.
349 2162 496 2216 comburas
515 2180 538 2230 r,
558 2162 704 2216 comburas
714 2160 799 2229 l-ris
809 2161 907 2231 12)sz
926 2177 991 2216 cum
1009 2179 1111 2232 myrra

88 2238 145 2294 Get.
236 2241 254 2288 4
273 2237 303 2289 et
320 2250 371 2289 om.
390 2234 424 2287 Β.
498 2231 587 2286 facian
606 2235 636 2286 ai
654 2232 728 2288 adm.
747 2239 811 2288 eto=
830 2234 871 2287 eie
888 2232 937 2287 ru
949 2232 1010 2288 θεῖ.
1030 2234 1110 2303 (saec

86 2310 193 2364 ῖεειιῖιιε
211 2309 245 2376 b).
302 2307 352 2359 aui
370 2303 511 2358 modicum
529 2303 622 2358 mellis
640 2304 678 2371 B,
696 2304 747 2356 aui
764 2302 800 2357 de
834 2303 931 2357 umato
949 2302 1032 2358 melli
1045 2307 1112 2374 (ant

85 2378 243 2446 meliorato)
267 2379 339 2445 θεῖ,
370 2377 421 2429 aui
447 2374 558 2429 modico
582 2373 743 2456 dispumatr'r
769 2391 814 2428 me
840 2373 861 2426 ἰ
879 2392 903 2429 r.
1014 2375 1109 2430 thn-

86 2449 208 2501 mecium
227 2450 255 2502 b:
274 2446 422 2501 humidum
440 2448 468 2501 Β
479 2446 547 2515 θεῖ,
565 2443 706 2513 liquidum
723 2463 746 2500 r.
842 2451 858 2499 6
877 2445 907 2499 οῖ
923 2445 991 2514 pose
1009 2460 1058 2502 ex:
1079 2450 1111 2502 et

85 2519 151 2588 post
169 2533 202 2571 eo
223 2518 290 2586 θεῖ,
309 2521 338 2572 et
355 2520 455 2588 posteo
472 2518 528 2586 rB,
548 2532 583 2570 ex
601 2532 655 2584 quo
671 2517 695 2571 b.
749 2515 826 2570 facio
840 2513 938 2584 (facito
951 2518 977 2584 r)
991 2516 1021 2570 Β
1032 2516 1110 2574 θεῖε

86 2605 136 2643 osu.
156 2588 180 2642 b.
259 2604 345 2641 uvam
362 2591 478 2658 tangas:
498 2604 583 2642 uvam
602 2586 691 2640 siccas
710 2588 740 2640 ei
757 2588 805 2641 rB
818 2586 885 2654 θεῖ,
903 2587 985 2640 tucio.
1003 2603 1063 2643 uve
1082 2590 1108 2644 b.

88 2664 102 2713 '1
114 2657 257 2712 desiccata
266 2660 294 2713 Β
355 2658 395 2712 sic
409 2657 719 2713 de-similiteroaoeur
727 2658 775 2712 rB
786 2657 844 2712 θεῖ.
855 2658 912 2738 (aed
924 2658 1033 2713 inserto
1041 2666 1111 2728 post

203 2730 347 2854 ran·
363 2732 387 2785 ι
436 2726 1110 2856 <n

137 2817 155 2854 a
169 2818 217 2853 um
314 2843 320 2855 .
402 2816 420 2854 a
540 2825 546 2856 ε
567 2816 615 2854 aa
741 2842 748 2867 ,
801 2816 820 2851 u
955 2841 971 2867 .,

88 2872 216 2927 afflatam
225 2888 247 2925 r.
304 2875 337 2924 10
351 2818 542 2927 interiacente
556 2873 592 2926 rb
605 2871 676 2926 Geir
691 2869 843 2924 accedente
851 2870 887 2925 Β.
944 2873 978 2923 11
993 2877 1110 2940 iponor

87 2946 166 3012 (tpon
181 2944 196 2997 b
211 2967 245 2989 --
259 2940 372 3011 impone
391 2943 419 2995 Β
431 2941 508 3065 θεῖὲ.
625 2941 656 2994 in
674 2942 702 2994 Β
720 2939 771 3010 (εἰς
787 2959 828 3012 pr.
839 2958 869 3009 p.
885 2942 978 3009 362).=
997 2957 1065 2997 cum
1083 2944 1107 3010 b,

88 3030 122 3068 ex
143 3014 201 3069 θεῖ.
310 3017 342 3066 la
361 3028 476 3066 massan
496 3029 544 3065 um
562 3013 662 3069 oeus
682 3011 783 3066 -dam
801 3012 857 3066 rB.
941 3010 1063 3067 decocta.
1080 3013 1109 3067 Β

88 3085 223 3153 (decoque
244 3082 326 3153 θεῖ.)ι
345 3084 426 3137 cocta
445 3085 467 3138 b.
565 3088 598 3136 1a
616 3085 646 3138 ai
664 3085 741 3153 (top.)
759 3083 823 3138 odd.
842 3083 878 3136 Β.
971 3099 1004 3138 os
1023 3084 1107 3139 rsz

87 3173 138 3211 om.
159 3155 216 3211 θεῖ.
291 3160 325 3209 15
344 3153 515 3224 depurgatnr
532 3156 569 3209 rb
581 3155 653 3210 θεῖε
672 3155 808 3224 purgetur
825 3152 862 3207 Β.
