2288 3878
75 130 141 194 330
408 132 753 185 PsaUDO-Tflaonom

286 328 334 381 Ad
347 329 384 381 id.
400 328 443 392 II,
455 329 494 381 29
508 329 556 395 (92
570 332 634 395 post
652 327 785 380 acescunt
803 325 880 396 cibi).

146 405 266 477 [Quibus
290 423 356 460 vero
380 406 481 477 flegma
505 407 671 475 supernatat
693 408 723 459 et
746 404 804 459 cibi
825 405 992 474 frequenter
1015 424 1091 462 aces-

74 488 162 557 cunt]
182 486 283 540 calidis
303 486 414 540 curabis
429 485 643 539 medicamentis
659 484 718 539 sive
732 485 906 540 extrinsecus
926 486 1090 541 adhibendo

75 565 134 620 sive
156 584 207 635 per
230 584 260 620 os
281 567 381 620 dando.
411 569 440 619 et
459 565 483 619 si
506 564 625 619 nimium
647 564 750 635 flegma
771 565 803 619 in
827 566 1007 621 stomachum
1031 583 1091 622 sen·

48 647 144 707 pseris
163 646 208 700 vel
227 646 257 698 in
276 663 307 699 os
325 645 431 699 ventris
451 661 511 699 esse
530 647 710 714 congestum,
730 645 852 715 oxymeli
871 646 1004 700 conficies
1023 646 1089 702 tale.

73 725 190 779 feniculi
209 726 313 780 radicis
328 726 441 780 corticis
456 739 491 784 ÷
504 725 564 794 Vll,
584 724 676 779 mellis
690 724 732 778 lio
746 727 767 793 Ι,
785 726 860 780 ireos
874 726 1006 795 illyricae
1020 742 1056 787 ÷
1070 729 1089 799 Ι,

73 806 154 874 ysopi
169 807 276 864 ÷1111.
306 807 375 859 haec
394 809 479 860 tunsa
497 805 528 858 in
547 806 621 859 aceti
640 808 669 861 St
684 806 697 858 1
714 805 806 875 pridie
824 807 967 878 infundes,
987 811 1089 864 deinde

74 884 151 940 lento
175 887 235 955 igni
259 902 361 953 coques
385 903 473 953 usque
496 889 608 940 acetum
631 885 669 938 ad
691 885 816 940 medium
840 887 947 943 veniat.
982 890 1089 944 colabis

72 966 227 1035 munditer,
251 966 346 1033 sicque
365 965 421 1019 mel
440 966 528 1019 addes
551 965 787 1036 suprascriptum,
814 969 844 1021 et
866 985 963 1023 rursus
988 988 1089 1041 coques

34 1067 60 1105 10
74 1045 162 1099 donec
177 1049 288 1099 acetum
303 1049 483 1099 consumatur
497 1047 526 1100 et
540 1046 577 1100 ad
591 1046 683 1100 mellis
701 1046 916 1116 spissitudinem
933 1051 1088 1121 redigatur.

73 1124 139 1178 hinc
155 1125 236 1178 dabis
251 1124 390 1178 coclearia
404 1125 457 1177 IIII
476 1142 540 1178 cum
554 1143 628 1193 aqua
643 1125 745 1195 calida,
765 1129 794 1180 et
808 1126 895 1182 aforis
915 1129 1088 1199 epithemate

73 1204 259 1273 polyarchion
277 1205 372 1259 uteris.
394 1205 449 1275 [his
469 1207 498 1259 et
516 1205 653 1259 bubulam
673 1205 734 1259 dari
754 1207 860 1262 suadeo
876 1251 881 1263 .
898 1252 904 1263 .
921 1253 927 1264 .
943 1209 993 1266 Pr.

72 1330 120 1383 Ad
134 1330 175 1396 Π,
191 1334 228 1383 30
243 1333 304 1396 (98)
325 1330 370 1382 De
389 1328 572 1382 lumbricis
593 1334 666 1398 (post
687 1332 800 1384 mentae
819 1330 921 1386 viridis
941 1335 1086 1406 decoctio).

144 1407 294 1477 [Similiter
311 1412 423 1462 mentae
442 1408 541 1462 viridis
562 1409 702 1481 decoctio]
722 1415 862 1480 operatur.
888 1413 1008 1470 rafanus
1027 1434 1088 1470 cum

34 1509 59 1546 rs
74 1486 132 1541 sale
147 1491 275 1557 sumptus
290 1505 371 1543 omne
386 1506 473 1558 genus
487 1488 608 1558 perimet
622 1489 830 1546 lumbrioorum.
850 1491 881 1545 in
899 1511 972 1563 sapa
986 1495 1089 1550 ferrum

73 1567 272 1635 aeruginosum
290 1569 449 1638 extinguito
468 1569 591 1622 candens
611 1586 645 1623 ac
663 1569 744 1639 potui
765 1571 841 1626 dato.
871 1572 1043 1629 afronitrum
1060 1576 1089 1629 in

72 1647 139 1702 vino
159 1646 282 1700 solutum
295 1649 376 1717 potui
396 1650 470 1703 dato.
499 1648 545 1702 vel
564 1648 627 1718 ipsa
645 1650 733 1704 herba
750 1654 863 1720 sumpta
882 1670 992 1708 summe
1010 1655 1087 1711 facit.

72 1729 156 1782 betae
175 1745 238 1781 cum
257 1727 314 1781 alio
330 1729 462 1783 decoctae
478 1730 644 1783 sumendum
658 1747 722 1784 cum
736 1729 798 1784 oleo
817 1734 846 1785 et
861 1732 923 1787 sale
941 1735 1089 1789 conditum

74 1810 153 1878 date,
174 1807 326 1862 lumbricos
346 1813 375 1863 et
393 1809 504 1863 taenias
524 1809 614 1864 eiciet.
635 1809 796 1879 lupinorum
814 1828 889 1880 aqua
908 1813 960 1866 ubi
979 1815 1088 1870 decocti

32 1906 59 1944 ao
74 1894 139 1944 sunt
158 1889 258 1943 addita
276 1892 340 1943 ruta
360 1892 388 1943 et
402 1889 506 1958 pipere,
526 1888 606 1958 potui
622 1889 697 1943 dato.
725 1889 802 1944 mala
815 1892 920 1959 punica
934 1894 973 1946 ad
987 1895 1087 1950 tertias

73 1987 147 2038 aqua
175 1970 313 2037 decoquas
342 1972 371 2023 et
396 1969 488 2038 ipsam
513 1985 616 2037 aquam
638 1969 720 2038 potui
749 1970 823 2026 dato.
852 1972 976 2028 hederae
1004 1976 1087 2030 albae

72 2050 158 2104 bacas
176 2053 236 2104 tere
260 2053 289 2104 et
312 2049 343 2102 in
369 2047 489 2118 oxymeli
509 2049 590 2117 potui
610 2049 685 2106 dato.
714 2050 810 2105 inulae
829 2052 929 2106 viridis
949 2071 1033 2109 sucus
1054 2057 1087 2111 de

72 2131 167 2186 radice
191 2131 250 2185 eius
276 2130 389 2198 tepidus
412 2127 493 2198 potui
517 2128 600 2182 detur
602 2171 746 2185 .......
765 2131 870 2186 herbae
890 2132 1019 2189 decoctio
1038 2154 1086 2206 po·

71 2211 114 2265 tui
131 2213 135 2280 Ι
153 2215 267 2280 (μ122)
288 2211 377 2264 detur.
402 2208 543 2263 coriandri
561 2227 651 2278 grana
663 2210 703 2263 XI
720 2228 783 2264 cum
797 2229 871 2279 aqua
884 2212 970 2281 pisile
989 2216 1087 2272 crebro

32 2304 57 2341 25
73 2291 225 2345 destillato.
264 2290 338 2361 [Cibi
358 2289 445 2343 dandi
464 2292 529 2342 sunt
549 2289 726 2358 digestibiles
743 2335 747 2344 .
765 2335 770 2345 .
787 2336 792 2346 .
808 2292 856 2348 Pr.

107 2417 154 2468 Ad
168 2415 210 2480 II,
225 2419 258 2467 31
276 2418 353 2481 (122)
374 2415 419 2468 De
440 2412 675 2482 dysentericis
691 2415 765 2482 (post
782 2417 944 2485 reponenda
965 2423 1051 2489 sunt).

142 2510 215 2561 quae
238 2496 282 2560 (ec.
302 2494 379 2562 vina)
398 2495 440 2548 ita
464 2493 650 2549 conficiuntur
673 2495 708 2548 de
732 2494 854 2564 dactylis
877 2495 923 2550 vel
942 2499 1036 2553 sorbis
1055 2502 1090 2554 ut

71 2577 137 2628 ante
155 2573 247 2642 pridie
267 2574 374 2643 dactyli
392 2577 423 2630 in
440 2576 507 2632 vino
526 2575 712 2629 infundantur
730 2579 759 2631 et
778 2575 836 2630 alia
855 2576 901 2630 die
919 2577 978 2631 levi
994 2597 1087 2648 pruna

71 2656 228 2721 coquantur
245 2654 363 2721 modice,
383 2659 412 2710 et
431 2659 523 2712 colato
542 2656 608 2711 vino
627 2655 683 2725 ipsi
703 2656 809 2725 dactyli
828 2673 846 2710 a
859 2656 987 2724 patiente
1006 2678 1088 2714 man-

32 2747 58 2785 ao
73 2734 217 2802 ducentur,
237 2736 265 2787 et
283 2733 381 2788 vinum
399 2736 524 2791 calidum
541 2736 623 2805 potui
641 2737 731 2791 detur.

141 2931 403 3014 macerabatur.
424 2933 447 2985 b.
520 2932 551 2985 in
570 2909 644 2986 sto⁰m
662 2934 685 2988 b.
742 2935 910 3000 ocongesta
930 2934 953 2986 b.
1026 2936 1087 2990 oxi-

70 3034 126 3088 mel
146 3038 168 3090 ὁ.
260 3015 414 3090 ecorsicis
435 3040 497 3107 (ips.
518 3043 599 3108 corr.)
620 3042 643 3095 b.
735 3038 811 3094 lin:
831 3041 860 3092 et
878 3037 909 3090 in
927 3040 949 3091 b.
1042 3041 1086 3093 in-

70 3141 165 3194 fundis
185 3144 207 3196 b.
304 3150 319 3198 9
339 3145 435 3198 addes.
455 3133 484 3201 fi.
501 3148 523 3200 b.
611 3151 643 3198 11
664 3145 789 3214 epytima
807 3122 968 3214 poliarchirr
987 3147 1009 3200 b.

71 3218 106 3265 14
123 3212 240 3267 rafanu.
254 3218 401 3283 ..sumptu
420 3218 443 3270 b.
500 3223 533 3270 16
553 3217 800 3282 candentemb(ut
818 3234 903 3284 supro
922 3217 959 3270 od
977 3220 1004 3282 2,
1023 3223 1084 3283 86).

72 3289 105 3337 17
123 3284 211 3338 herba
231 3288 293 3353 (sic)
315 3289 329 3340 b
350 3292 411 3354 (osa.
432 3290 542 3356 qualis).
652 3292 684 3339 19
704 3286 796 3339 tineas
816 3290 839 3342 b.
936 3290 970 3339 20
989 3289 1085 3343 additi

70 3354 166 3409 Rutha
184 3376 198 3409 τ
216 3356 282 3426 pipe
302 3360 325 3412 b.
398 3362 431 3410 21
452 3359 570 3412 decocta
589 3359 722 3412 et...b.
796 3364 829 3410 22
848 3356 979 3411 oximelle
999 3360 1022 3413 b.

70 3426 154 3495 ynule
174 3429 197 3482 b.
253 3433 286 3480 23
306 3427 433 3499 Tytarite
452 3430 539 3502 herbe
559 3429 828 3485 trucidentem.
848 3430 933 3482 omisi.
986 3436 1021 3484 24
1039 3431 1084 3500 pi-

62 3498 119 3555 sile
138 3501 204 3571 (aad
224 3500 240 3554 ὸ
255 3503 356 3572 (aquae
374 3499 515 3570 pusillol).
