2288 3878
429 178 696 230 ADDITAMENTA.
1001 174 1063 239 301

52 353 208 404 numquam
230 334 339 389 homini
360 334 520 405 proveniet,
548 333 573 388 si
599 333 717 388 herbam
744 334 944 403 chamaepityn
972 326 1066 389 secum

53 415 188 472 habuerit
207 414 363 484 alligatam.
393 414 417 468 si
436 414 499 482 quis
514 412 624 481 aliquid
637 413 761 483 fregerit,
779 417 812 468 ut
831 413 891 468 sine
911 413 1007 468 dolore
1020 413 1066 468 vel

54 511 167 565 spasmo
191 496 316 563 curetur,
343 493 449 563 sinapis
472 510 561 563 grana
584 491 695 562 aliquot
717 496 746 548 et
768 494 864 547 fimum
887 493 1018 547 caninum
1036 493 1066 546 in

54 574 144 629 linteo
162 573 267 643 ligabis
286 577 316 628 et
333 573 364 626 in
381 572 498 627 brachio
516 572 563 627 vel
580 589 661 627 crure
679 576 730 627 aut
748 573 785 626 ad
799 571 964 626 umbilicum
977 572 1004 626 ei
1018 572 1067 639 qui

55 654 135 709 dolet
152 653 266 724 ligabis.
294 652 442 708 miraberis
460 651 622 708 remedium.
649 651 773 706 radicem
795 652 900 706 herbae
919 651 1094 709 confervaes

54 733 152 803 tunde,
172 737 201 788 et
220 735 326 788 stercus
345 731 462 787 ovillum
480 735 510 786 ot
528 731 671 801 axungian
690 732 720 785 in
734 747 763 786 se
781 731 877 799 misce,
896 733 925 786 et
943 731 1005 785 loco
1022 730 1068 785 vel

55 811 113 868 ossi
131 812 222 867 fracto
246 815 296 867 aut
319 815 436 866 contuso
459 811 571 882 impone
595 814 624 866 et
645 828 739 880 panno
763 811 932 881 constringe.
960 826 1067 865 vermes

56 892 161 947 terreni
180 891 244 946 triti
267 909 331 946 cum
353 891 437 946 melle
459 890 587 961 impositi
610 891 697 946 etiam
716 907 779 945 ossa
797 890 889 945 fracta
907 890 1067 945 extrahunt.

55 971 168 1027 lardum
186 970 292 1026 elixum
310 969 399 1040 alliga
417 973 447 1025 et
464 970 537 1025 mira
555 970 701 1026 celeritate
719 970 841 1024 fractum
859 969 1025 1024 consolidat.

56 1114 102 1168 Dc
131 1111 416 1182 percussionibus
443 1128 542 1181 apum
569 1111 788 1181 scorpionum
815 1113 849 1166 et
876 1113 1069 1165 ceterarum
1083 1129 1109 1167 ιο

187 1191 399 1262 serpentium
417 1192 600 1262 (HD-eide
618 1207 704 1267 papia
721 1192 769 1246 Ad
782 1192 807 1257 I,
820 1194 936 1258 24(74).

127 1273 191 1327 buia
208 1273 331 1342 capitae
349 1275 387 1326 52
405 1273 449 1340 (=
467 1271 565 1326 Tbeod.
584 1273 631 1340 24)
645 1272 683 1324 ad
699 1271 780 1338 bum
802 1271 843 1325 ita
861 1271 935 1338 (post
953 1272 982 1323 ct
1005 1285 1069 1323 oon-

56 1349 138 1405 tinuo
162 1350 267 1405 desinit
290 1349 381 1420 dolor)
403 1351 548 1406 subscribit
572 1349 719 1405 Obbiaaue
742 1351 841 1417 (rubr.)
861 1349 1069 1404 Fenomenus

57 1429 149 1483 liber
165 1429 296 1498 primus
315 1429 470 1500 explicit.
508 1429 638 1499 Incipit
657 1445 816 1483 oxeorum
839 1428 929 1484 liber
952 1446 1070 1483 secun·

58 1509 129 1561 dus.
159 1507 261 1562 Cuius
284 1508 345 1563 hec
364 1512 416 1563 est
435 1506 660 1563 continentia.
689 1510 855 1564 multavere
878 1509 1110 1578 praetermissa

58 1588 116 1642 cod.
134 1586 309 1642 Berolineaei
325 1594 476 1658 sequimini
493 1589 552 1643 sine
569 1589 740 1655 ordinemne
758 1590 790 1643 ia
808 1590 898 1644 iiidice
915 1595 1011 1643 notata
1023 1589 1071 1643 sed

56 1673 120 1736 poet
133 1682 210 1736 puae,
226 1667 322 1722 ombeo
335 1669 383 1722 illo
402 1666 518 1736 explicit
533 1668 599 1722 libri
608 1669 704 1737 primi,
723 1669 844 1723 addatur
857 1670 945 1723 altera
962 1674 1071 1723 tactam

55 1762 126 1817 para
143 1747 270 1802 rubricae
294 1745 396 1816 Incipit
409 1746 490 1802 liber.
504 1747 538 1801 11.
558 1763 635 1801 oxea.
663 1746 747 1801 Cuius
762 1747 814 1801 heo
833 1749 876 1801 est
895 1746 1071 1801 continentia

55 1843 84 1896 p.
101 1829 148 1893 71)
168 1827 248 1896 quusi
265 1825 428 1882 Addeada
446 1828 611 1883 addendis
628 1828 693 1882 baec
713 1831 751 1896 (p.
767 1831 804 1882 67
822 1828 901 1894 iaf.):

94 1965 144 2019 Ad
159 1965 312 2021 dolorem
330 1965 388 2034 qui
406 1982 444 2020 ox
461 1966 566 2037 plaga
584 1970 644 2022 aut
662 1984 701 2021 ex
719 1970 849 2022 tumore
867 1967 1034 2037 provenit.
1086 1985 1111 2023 ao

131 2044 227 2099 Vitem
245 2037 342 2100 albam
360 2046 491 2102 combure
514 2050 544 2102 et
561 2046 607 2101 fac
629 2046 786 2116 pulverem,
810 2049 839 2102 et
856 2048 1009 2118 axungiam
1027 2064 1072 2100 ur-

61 2124 155 2177 sinam
171 2124 258 2178 misce
277 2127 307 2179 et
327 2124 448 2194 impone.
486 2143 521 2180 ex
538 2125 600 2196 ipso
620 2126 713 2180 cinere
737 2125 854 2180 lixivam
876 2126 922 2182 fac
946 2131 975 2182 et
997 2126 1071 2195 lava,

61 2201 250 2256 certissimum
269 2205 319 2258 est.
345 2203 428 2258 item
446 2205 487 2259 ad
505 2204 650 2276 plagam.
670 2204 849 2260 millefolium
867 2224 930 2261 cum
949 2205 1072 2275 axungia

61 2280 132 2335 trita
151 2285 181 2336 et
198 2281 332 2351 imposita
348 2281 421 2336 bene
439 2285 529 2338 sanat.
556 2285 692 2356 plantago
706 2285 776 2340 trita
790 2303 854 2340 cum
872 2287 996 2357 axrmgia
1009 2303 1072 2355 por-

61 2360 128 2415 cina
146 2361 249 2432 plagae
268 2361 428 2431 frequenter
446 2362 579 2434 imposita
602 2365 632 2419 in
654 2383 759 2434 paucos
783 2364 843 2420 dies
863 2368 953 2420 sanat.
991 2365 1073 2420 item
1087 2381 1113 2421 25

60 2441 221 2496 infusura
245 2443 287 2496 ad
309 2442 579 2513 plagam'vinum
597 2448 627 2500 et
649 2445 809 2506 oleumfac
832 2445 935 2500 bullire
958 2445 1073 2500 insimul

60 2525 90 2576 et
109 2520 196 2576 misce
216 2539 279 2576 cum
296 2522 360 2592 pice
378 2541 480 2593 graeca
499 2527 528 2579 et
549 2524 695 2594 pulverem
718 2542 801 2595 super
822 2525 938 2597 plagam
957 2525 1072 2581 semina.

60 2601 144 2655 item
163 2602 205 2656 ad
229 2618 362 2657 carnem
384 2604 566 2672 putridam.
600 2604 668 2658 ficus
692 2604 780 2660 siccas
807 2606 1025 2676 tragacanthum
1044 2608 1073 2659 et

62 2681 106 2735 sal
125 2683 185 2735 tare
203 2681 315 2736 fortiter
333 2685 362 2737 ct
379 2699 452 2752 pone
471 2699 555 2752 super
573 2682 678 2737 malam
697 2701 817 2740 carnem.

133 2760 216 2815 item
235 2762 277 2816 ad
299 2761 437 2832 plagam
459 2761 578 2817 celerius
602 2763 773 2832 sanandam,
793 2767 822 2819 et
840 2763 1004 2834 sanguinem
1024 2779 1072 2817 vo·
1087 2781 1113 2818 eo

61 2840 213 2897 montibus.
245 2841 362 2895 mirifice
391 2841 513 2912 stringit.
547 2842 630 2896 detur
657 2860 721 2897 oum
747 2842 814 2897 vino
842 2846 962 2897 austero.
990 2841 1073 2911 gypsi

62 2919 136 2975 cocti
150 2933 186 2979 ÷
199 2921 234 2988 Π,
253 2921 385 2975 mastices
399 2933 435 2981 -2-
448 2922 483 2990 Π,
502 2921 593 2975 libani
607 2934 641 2980 -ζ-
651 2923 684 2977 Π,
709 2925 768 2976 tere
783 2921 935 2991 diligenter
949 2925 978 2976 et
992 2938 1073 2976 corne

61 3003 92 3055 et
109 2999 191 3055 mitte
210 3000 377 3070 inplagam,
396 3001 502 3055 bonum
516 3004 567 3055 est.
595 3001 678 3055 item
691 3000 807 3070 pulvis
827 3001 868 3055 ad
887 2999 1073 3059 cicatrices

136 3176 329 3246 loamepiten
343 3178 367 3232 b.
423 3176 563 3247 bligabis
581 3179 620 3233 sic
635 3179 658 3232 b.
714 3176 845 3231 conferbe
860 3179 884 3231 b.
942 3182 1034 3231 tesso
1049 3179 1072 3233 b.

63 3253 95 3302 11
116 3249 189 3303 rubr.
205 3248 269 3303 dedi·
286 3265 320 3303 ea
337 3250 432 3316 ebion
445 3251 531 3318 plena
550 3255 626 3303 catat
643 3250 675 3303 ia
690 3249 705 3302 b
720 3247 762 3300 De
775 3246 1003 3315 percussionibus
1018 3249 1075 3319 apd

47 3313 238 3388 scorpionis).
256 3319 302 3374 aed
319 3320 354 3386 cf.
373 3320 431 3373 imi.
451 3321 475 3375 b.
579 3324 613 3373 20
632 3335 666 3373 ex
685 3317 801 3370 humore
821 3319 844 3372 b.
953 3322 986 3370 25
1006 3317 1076 3374 item

63 3395 111 3445 eto.
130 3390 204 3446 rubr.
224 3405 274 3444 eor.
295 3391 318 3444 b.
414 3394 448 3443 2⁷
467 3389 544 3459 pisce
563 3391 586 3445 b.
678 3391 712 3440 28
732 3385 802 3441 item
819 3395 865 3443 etc.
885 3389 960 3443 rubr.
979 3405 1030 3443 scr.
1051 3392 1074 3444 b.

63 3459 137 3529 drag
155 3462 179 3516 b.
277 3463 309 3512 31
329 3464 421 3529 gypsi
440 3457 887 3517 coeti...mastic...libanr'1
906 3460 929 3512 b.
1003 3459 1075 3511 331)
