2288 3878
87 136 152 200 432
473 98 691 190 'numerum

605 294 608 362 l

122 793 161 860 (4)
180 789 247 843 huic
261 806 328 858 ergo
343 787 485 842 calvariae
500 787 593 841 subie·
656 789 694 856 (4)
706 786 772 840 huic
784 803 850 856 ergo
863 786 990 862 calvarie
1005 790 1110 847 dextra

88 864 152 916 cent
175 865 329 930 tempora
352 876 406 927 que
433 858 593 912 continetur
620 857 739 925 levaque
767 860 896 928 tempora
923 875 980 926 que
1014 863 1110 918 conti·

88 931 230 1002 spiritales
245 930 360 1000 (speles)
374 929 493 985 venibus
505 945 591 983 venas
619 931 722 982 nentur
741 928 918 998 spiritalibus
934 930 1017 986 venis
1032 934 1109 990 cele·

1 1003 2 1008 ’
88 1003 196 1057 cerebri
232 1002 335 1070 quibus
378 1001 489 1071 positae
527 1003 593 1054 sunt
619 999 672 1054 bri.
715 1000 818 1066 quibus
854 999 1003 1075 subposite
1040 1008 1109 1061 sunt

87 1072 286 1154 supercilia.
312 1075 453 1153 quensunt
471 1070 591 1152 capillus
620 1070 771 1138 supercilia
793 1071 866 1152 pilos
891 1071 1022 1152 vestitus.
1054 1092 1108 1145 pro

86 1147 213 1225 vestitus.
249 1160 336 1212 quere
368 1159 429 1211 ipse
442 1213 447 1223 .
462 1159 591 1224 c0p1osus
619 1158 676 1209 que
694 1149 742 1196 re?
766 1145 993 1225 uts1cop1csus
1017 1147 1108 1202 sudor

87 1232 202 1295 sanguis
227 1231 277 1284 per
302 1214 394 1295 frente
420 1213 592 1294 discendent
617 1212 767 1292 perfrcnte
779 1213 964 1295 descendent.
973 1217 1007 1269 ut
1017 1218 1107 1272 sudor

87 1283 591 1424 celieleltlttptlltrsst
617 1283 896 1410 titttffltlts
903 1283 1032 1412 ¹³1¹}th
1040 1305 1107 1414 it:

88 1426 139 1478 dor
156 1425 290 1549 ctcllectus
310 1426 398 1480 oculis
418 1426 515 1481 obesse
534 1442 591 1480 non
616 1428 721 1494 posset.

87 1513 184 1565 poss1.

121 1942 158 2008 (5)
182 1938 274 1994 oculi
298 1943 393 1993 autem
415 1938 477 2007 ipse
500 1937 589 1991 conti·
634 1940 691 2007 7(ὅ)
715 1937 790 1992 oculi
816 1939 912 1991 autem
934 1937 991 2007 ipsi
1010 1941 1102 1994 conti-

79 2013 205 2064 neantur
233 2027 296 2064 cum
321 2010 463 2065 exvasisse
491 2009 590 2063 crebra
617 2012 719 2063 nentur
729 2009 780 2062 sub
795 2025 862 2063 vase
876 2008 984 2063 celebri
997 2010 1031 2065 in
1045 2014 1101 2066 duc

84 2081 138 2136 hoc
166 2084 209 2135 est
231 2081 337 2135 ventris
364 2078 504 2135 cerebelli.
534 2067 589 2133 duo
616 2079 756 2134 foramine
774 2096 824 2149 per
842 2079 946 2147 quibus
971 2081 1101 2137 oriuntur

84 2152 224 2207 foramina
242 2152 372 2206 uriuntur
384 2168 435 2220 per
448 2168 518 2219 quas
534 2150 589 2203 sin-
616 2150 780 2205 tenuissime
790 2167 860 2222 vene
875 2151 925 2219 qui
939 2168 987 2206 eos
999 2153 1101 2208 dextra

85 2223 167 2292 gulas
186 2223 295 2277 radices
316 2222 499 2276 tenuissimae
517 2222 589 2275 bene
618 2222 733 2276 sinistra
751 2221 870 2276 volvunt
890 2223 1099 2293 conspicientes

86 2295 120 2348 de
152 2297 234 2363 perte
267 2294 373 2349 dextrae
410 2293 441 2346 in
475 2292 589 2346 sinistra
616 2293 730 2361 ubique.

85 2367 181 2418 autem
211 2364 292 2417 uului
324 2364 469 2418 oculorum
500 2363 588 2417 conti-

85 2437 175 2489 netur.
201 2435 339 2487 tunicas
359 2438 500 2503 quattuor.
521 2451 589 2503 quc·
617 2434 692 2488 oculi
710 2451 776 2489 vero
791 2433 847 2504 ipsi
860 2434 970 2489 hebent
984 2437 1099 2492 tunicas

85 2505 168 2558 modo
191 2505 356 2559 intenditur.
382 2505 474 2574 prima
491 2505 589 2559 tunica
616 2508 752 2575 quattuor
774 2505 820 2560 vel
843 2505 968 2574 quinque
995 2510 1025 2562 et
1048 2508 1100 2562 hu-

84 2578 163 2629 cerat
171 2575 252 2629 uedis
263 2575 373 2630 dicitur.
390 2578 512 2630 secunde
522 2593 588 2632 vero
616 2576 741 2630 moribus
759 2576 858 2631 tribus.
887 2579 1031 2644 quomodo
1056 2582 1102 2634 est

83 2645 587 2718 reguedisterticveroministruedis.
616 2647 763 2702 intendite.
799 2647 891 2716 prima
923 2648 1023 2703 tunice
1056 2654 1101 2705 est

84 2719 186 2786 quarte
213 2721 308 2772 autem
331 2717 517 2774 cristaluedis.
545 2718 587 2771 ni-
616 2736 670 2790 que
690 2718 851 2789 appellatur
874 2722 977 2775 cereto.
1004 2720 1101 2776 idest

84 2788 160 2858 gella
178 2805 245 2843 vero
264 2805 360 2843 eorum
377 2789 455 2843 urbis
477 2790 520 2862 ire
539 2806 588 2859 cp·
615 2791 739 2844 secunda
770 2805 841 2914 rego.
874 2787 906 2842 id
938 2792 983 2844 est
1011 2791 1102 2848 tertis

82 2859 233 2929 pellantur.
257 2861 287 2914 in
310 2860 404 2915 medio
428 2863 524 2916 sutem
542 2878 587 2914 ur·
614 2860 692 2915 tn'tc.
716 2860 800 2914 ides
832 2863 935 2927 quarte
955 2861 1044 2917 disco.
1069 2863 1101 2917 id

82 2931 162 2985 bium
185 2934 264 2986 actus
288 2931 334 2987 vel
356 2931 465 3005 pupille
491 2931 587 3013 appel·
615 2934 659 2986 est-
678 2931 779 3000 quintc
797 2930 952 2987 christallc.
972 2931 1004 2985 id
1023 2937 1076 2990 est.

82 3001 178 3056 lentur
190 3020 240 3072 per
254 3020 325 3071 quas
334 3003 427 3058 visum
439 3019 586 3056 cermmus.

83 3073 134 3126 elii
158 3077 253 3127 autem
278 3074 376 3127 dicunt
398 3090 455 3126 non
478 3090 538 3127 esse
557 3073 587 3126 in

83 3142 171 3197 oculis
204 3144 315 3198 tunicas
348 3145 398 3198 sed
433 3144 586 3198 humorem.

82 3213 155 3266 sicat
174 3214 232 3267 sole
251 3214 281 3268 in
295 3233 352 3282 qus
368 3215 482 3270 helesin
499 3215 586 3269 nesci.

84 3282 265 3338 dominantur
279 3288 375 3339 autem
383 3286 414 3339 in
424 3286 512 3340 oculis
526 3287 586 3339 hu·
615 3302 748 3340 numerus
762 3287 858 3340 cutem
873 3287 939 3339 sunt
953 3287 1021 3341 tres.
1042 3287 1101 3341 his-

82 3372 190 3409 mores
209 3358 266 3409 tres
289 3356 379 3410 salsus
402 3357 534 3410 humidus
558 3360 587 3411 et
615 3360 710 3425 quate.
731 3356 762 3410 id
785 3359 829 3410 est
857 3354 980 3424 hylodis.
1011 3358 1102 3413 chris-

76 3425 208 3498 fn'gidus.
230 3427 450 3497 asclepiades
470 3445 517 3482 ore
536 3445 586 3482 suc
614 3428 706 3482 medis

292 3510 378 3583 Me)
800 3505 901 3577 M)
