2288 3878
53 154 95 219 70
360 154 551 207 THEODORI
567 154 749 207 emacmn

51 320 103 380 lidi
132 319 295 398 supradicti
321 319 382 379 sola
405 318 605 380 terebinthina
628 321 727 380 resina
750 319 881 380 linteolis
904 320 1012 380 infusis
1035 329 1067 382 et

51 411 204 489 appositis,
231 408 334 469 utilius
359 411 384 468 si
407 407 625 469 terebinthinae
648 410 738 468 etiam
761 408 890 469 euforbii
913 411 1066 489 quippiam

50 497 181 577 pulveris
205 498 428 558 admisceamus.
474 496 594 557 leminis
612 515 682 557 vero
701 497 747 557 vel
770 499 873 576 pneris
892 496 1066 559 delicatiora

50 605 174 665 corpora
211 586 388 647 habentibus
425 587 513 645 ctiam
557 586 649 645 solius
685 585 904 646 terebinthinae
938 587 1067 647 sufficiet

23 675 236 736 vbeneucium.
284 678 391 735 ceteris
420 692 489 734 vero
517 682 550 734 ut
577 676 715 753 superius
744 674 957 754 comprehendi
985 682 1065 736 tere·

50 765 185 824 hinthina
213 782 280 823 cum
310 762 453 824 eulorbio.
499 769 530 823 et
552 762 651 827 oleum
679 762 903 823 admiscendum
927 771 987 845 est,
1014 765 1065 825 ad-

50 853 145 913 denda
170 855 260 913 etiam
283 871 351 912 cera
374 851 519 932 propolis,
546 851 713 911 addendum
736 870 925 930 sagapenum.
972 851 1068 913 solius

50 942 96 1002 vel
124 945 212 1002 etiam
240 941 345 1000 lasaris
374 949 424 1001 aut
447 942 626 1019 opopanacis
650 939 782 1000 adiuncti
804 942 862 1001 rite
884 939 1068 1001 heneficium

49 1039 232 1092 attestamur.

9 1115 38 1180 38
139 1118 217 1181 aliud
242 1119 321 1198 quod
345 1119 385 1178 de
409 1119 670 1196 experimentis
693 1117 729 1177 ad
749 1136 908 1178 nervorum
928 1117 1067 1180 vulnera-

9 1222 34 1260 11
49 1210 145 1269 tiones
165 1198 348 1269 adhibemus.
385 1210 466 1266 vivae
486 1206 575 1266 calcis
593 1206 746 1285 pidverem
765 1206 871 1267 diebus
890 1208 1068 1268 canicuarli-

49 1297 105 1357 hus
124 1316 160 1357 ex
180 1316 255 1376 aqua
274 1299 387 1357 marina
406 1296 545 1376 lavamus,
565 1313 652 1373 quarn
669 1294 863 1376 custodimus,
881 1294 953 1356 huic
972 1297 1068 1357 medi-

49 1393 184 1445 cemento
205 1388 328 1445 mixturi
352 1384 519 1445 eulorbium
539 1384 663 1462 sulphur
686 1386 785 1444 vivum
803 1383 957 1463 pulverem
976 1384 1069 1446 calcis

48 1473 125 1533 lotae
140 1473 298 1551 diligenter
309 1476 339 1533 in
353 1476 449 1534 unciis
465 1472 599 1553 singulis,
608 1471 840 1533 terebinthinam
854 1491 952 1533 ceram
967 1475 1069 1552 picem

9 1577 35 1617 rs
48 1564 81 1622 in
98 1564 195 1622 unciis
210 1564 313 1621 ternis.
346 1565 459 1622 interea
473 1580 528 1641 per
545 1563 630 1621 initia
649 1580 738 1621 curae
756 1561 971 1622 vulnerationis
987 1570 1067 1622 cata-

48 1650 192 1731 plasmate
216 1649 267 1709 tali
290 1653 336 1710 uti
358 1668 412 1709 nos
436 1652 587 1730 convenit,
611 1668 648 1710 ex
670 1649 757 1710 melle
781 1656 864 1710 aceto
888 1649 954 1710 oleo
979 1669 1068 1711 roseo

48 1739 165 1800 modice
189 1739 318 1799 admixto
343 1740 410 1799 cum
434 1740 517 1800 labae
540 1738 701 1818 pollinihus
721 1741 814 1799 coctis
833 1747 865 1799 et
882 1742 1067 1817 temperatis.

48 1835 116 1907 post
149 1827 365 1907 cataplasmatis
399 1847 468 1888 vero
498 1828 679 1889 beneficium
710 1826 767 1888 hoc
799 1834 845 1887 est
877 1829 1068 1905 aptissimum

49 1918 237 1979 adiutorium.
272 1917 440 1979 eulorhium
456 1936 524 1977 cera
543 1919 642 1976 resina
661 1919 693 1976 in
711 1914 837 1994 singulis
854 1915 950 1995 libris,
969 1916 1070 1977 oleum

120 2096 135 2143 2
156 2089 276 2144 euforbii
295 2087 442 2157 quippiam
459 2087 583 2157 pulveris
603 2090 678 2156 (-re
696 2089 722 2156 r)
740 2087 822 2141 ron:
842 2085 991 2157 euphorbii
1005 2086 1069 2158 pul-

48 2178 143 2216 verem
161 2159 308 2231 quippiam
328 2160 386 2214 ou.
486 2168 502 2212 4
522 2158 643 2212 sufficiet
660 2159 719 2212 rB:
738 2157 815 2211 -oit
834 2158 892 2213 uel.
912 2160 977 2227 (-ῑ
996 2161 1032 2228 h).

49 2238 64 2285 5
84 2231 282 2304 comprehendi
293 2231 341 2285 rB
353 2230 425 2285 eeu:
444 2228 504 2282 dixi
519 2233 541 2283 b.
595 2235 611 2282 6
627 2232 656 2283 et
669 2229 762 2283 oleum
779 2228 970 2286 ammiscendvi
985 2232 1032 2284 est
1045 2248 1068 2299 r,

48 2305 77 2357 et
95 2304 159 2359 oleu
178 2302 326 2357 amissend'
344 2306 362 2353 s
379 2302 465 2370 (sunt)
484 2303 511 2368 h,
532 2302 561 2354 et
583 2299 645 2354 oleo
663 2300 807 2354 miscendi
827 2301 871 2353 eet
888 2301 928 2355 B:
953 2304 982 2355 et
1006 2300 1070 2355 oleo

49 2375 231 2429 admiscenda
249 2377 293 2428 est
312 2374 370 2428 Get.
433 2379 448 2426 7
468 2370 555 2425 solius
574 2371 620 2425 vel
639 2371 726 2425 etiam
744 2370 840 2425 lasere
857 2389 885 2426 r:
905 2371 1070 2425 addendum

49 2445 136 2498 etiam
154 2444 233 2498 laser
248 2447 339 2513 l-aer
359 2444 427 2511 eeu)
446 2444 474 2497 B
486 2444 543 2498 Get.
638 2448 654 2496 8
674 2445 793 2512 opopa(o
806 2441 911 2510 r)naeis
930 2444 966 2525 (-
978 2458 1011 2515 ap
1030 2444 1070 2513 B)

49 2515 177 2569 adiuncti
194 2515 242 2568 rB
253 2516 310 2570 Gal.
396 2513 451 2568 rite
469 2515 566 2568 atiel:
586 2530 635 2568 om.
656 2514 690 2567 B.
800 2515 945 2582 texperti
963 2512 1070 2567 certius

49 2589 122 2656 (aute
141 2586 204 2654 att.)
218 2586 282 2639 add.
304 2586 361 2640 eet.
381 2588 440 2651 (ubi
458 2588 497 2639 sic
516 2587 543 2639 b:
563 2583 651 2639 etiam
674 2601 739 2657 epra
755 2602 783 2653 p.
803 2600 863 2654 sag.
886 2584 963 2638 laear
981 2601 998 2639 o
1019 2601 1070 2655 po-
1132 2585 1134 2589 ’

49 2665 157 2728 panace
168 2654 296 2709 omnibus
308 2655 448 2710 adiunctis
458 2656 512 2709 rite
521 2655 688 2710 beneficium
699 2656 885 2725 attestamur).
937 2661 971 2710 10
1021 2655 1070 2709 'ud

51 2728 125 2783 eata
144 2727 216 2780 Item
234 2744 257 2795 r,
276 2726 347 2780 Item
365 2726 444 2780 aliud
458 2729 485 2780 B
499 2726 584 2807 (Nam
602 2729 631 2780 et
649 2725 708 2780 alia
726 2743 781 2797 qup
800 2732 847 2781 etc.
867 2727 903 2796 b).
959 2725 1069 2797 expori-

48 2797 151 2854 mentia
171 2798 261 2866 beel,
279 2798 309 2850 in
328 2797 526 2867 experimentm
544 2800 580 2865 B,
598 2797 629 2851 in
647 2795 839 2866 experimenta
858 2815 881 2851 r.
937 2798 975 2852 ad
989 2800 1030 2868 (et
1042 2800 1069 2868 h)

49 2888 76 2926 n.
95 2867 306 2924 vulnerationes
325 2872 408 2939 (-nu
427 2871 452 2938 r)
470 2870 551 2924 rbB:
571 2888 597 2924 n.
616 2867 806 2922 vulnerationi
821 2867 879 2923 Gal.
936 2868 1069 2924 livinae

49 2942 148 2997 neela
168 2940 230 2993 uice
248 2959 271 3008 r,
289 2940 371 2994 iuvat
389 2940 424 2995 B.
481 2945 513 2994 12
529 2939 700 2994 custodimus
719 2937 898 3009 r(-diemus
913 2940 950 3007 B,
969 2939 1068 2994 -dia-

49 3030 110 3066 mus
122 3012 204 3079 Geli:
221 3026 364 3065 servamus
379 3011 402 3065 b.
461 3010 618 3064 t3mixturi
632 3011 679 3064 rB
691 3011 763 3065 Get:
779 3008 914 3066 admixtu.
929 3010 1033 3065 Thuris
1044 3013 1068 3066 h.

48 3082 241 3138 lotaeBGel.
261 3082 330 3155 (lota
350 3083 430 3141 sibl:
451 3081 583 3137 colaber.
723 3087 756 3134 14
775 3080 805 3133 in
823 3079 914 3134 unciis
934 3081 1068 3206 sinffvlis:

48 3159 89 3211 nic
106 3156 142 3210 rb
154 3155 212 3209 eet.
290 3153 319 3206 in
338 3170 364 3206 u.
384 3152 471 3206 ternis
491 3151 847 3215 rBGet.(aoi·T.111.÷.
867 3151 942 3206 Picis
961 3153 973 3206 I

49 3225 117 3299 Cere
131 3225 177 3279 Ill.
193 3236 228 3287 -ζ-
238 3227 271 3294 b).
328 3230 361 3277 ta
370 3240 451 3277 curas
464 3223 673 3278 vulnerationes
683 3242 706 3292 r,
716 3222 801 3284 virori
812 3221 1017 3277 vulnerationis
1027 3224 1068 3279 B:

49 3295 254 3352 vulnerationis
264 3300 324 3367 (om.
335 3297 454 3364 curado
467 3296 525 3351 eet.
591 3302 623 3349 16
638 3311 672 3348 ex
682 3295 721 3363 (et
730 3296 768 3363 B)
779 3293 937 3348 m.-tahae
947 3295 996 3350 rB
1008 3295 1065 3350 eet.

49 3371 109 3439 (ubi
115 3370 152 3423 et
161 3375 225 3438 post
238 3374 264 3422 et
273 3374 336 3422 aute
346 3367 426 3420 aceto
436 3368 499 3421 add.
510 3369 548 3435 r):
565 3382 600 3420 ex
609 3365 694 3420 melle
704 3364 765 3419 oleo
775 3380 855 3419 roseo
865 3364 976 3420 modice
986 3367 1067 3419 aceto

49 3439 156 3494 amixto
171 3439 237 3512 fahe
251 3458 278 3509 p.
294 3445 341 3493 etc.
352 3438 376 3493 h.
477 3442 510 3491 te
528 3436 560 3490 in
578 3455 598 3492 a.
613 3436 694 3490 libris
708 3443 756 3491 etc.
770 3437 817 3490 rB
829 3435 887 3491 oet.
903 3438 963 3505 (ubi
980 3439 1021 3491 sic
1039 3438 1066 3492 b:

47 3517 156 3584 Euforh
165 3529 185 3585 1.
235 3544 299 3582 cum
309 3543 384 3596 aqua
392 3524 471 3596 priua
480 3527 562 3580 terea.
582 3524 652 3579 Cera
662 3522 772 3579 Resine.
784 3537 887 3584 ana÷.
900 3523 962 3579 Olei
967 3524 1001 3580 H.
1011 3525 1065 3592 ÷).
1091 3520 1096 3530 '
