2310 3864
77 111 144 174 480
483 109 690 162 vruurcrnru

415 267 513 323 XXXI.
532 267 578 322 De
597 266 749 322 matrice.

149 357 254 410 Matrix
273 361 370 411 autem
392 356 522 410 involuta
541 360 585 411 est
609 358 638 410 et
661 356 737 426 ipsa,
763 358 796 410 ut
819 373 908 426 supra
933 359 1018 416 dicta
1037 362 1107 417 iute-

77 437 167 505 rania,
186 438 330 504 habetque
349 436 521 506 positionem
539 435 621 504 quasi
641 435 789 490 cucurbita
802 436 1000 510 medicinalis,
1020 441 1108 497 habet
1134 489 1147 530 4

78 522 108 574 et
126 518 237 573 tunicas
251 518 312 585 IIII,
332 516 442 570 duabus
461 517 538 570 intus
557 532 690 571 nervosas
715 518 745 570 et
768 514 856 570 aforis
875 534 1027 576 carnosas.
1055 522 1109 576 ori-
1134 535 1148 583 ¹„

52 616 64 654 s
79 599 173 651 ficium
191 596 326 666 puellaris
346 599 390 650 est
409 596 564 666 digitorum
577 596 625 663 VI,
644 595 695 650 ubi
713 595 871 666 iunguntur
890 614 986 654 venae
1008 603 1109 657 dextra
1135 592 1149 616 α

78 678 207 745 levaque,
226 692 277 746 per
291 692 361 744 quas
380 675 512 730 mulieres
532 675 743 745 spermatizant,
762 693 834 744 quas
848 672 1047 747 greci'cerias
1063 700 1109 738 vo

79 761 152 812 eant.
182 757 231 811 sed
255 755 387 810 similiter
409 755 515 811 femina
539 754 686 810 testiculos
711 754 857 811 continere
881 775 915 812 se
938 776 1000 814 non
1024 762 1109 817 huius
1136 792 1150 831 <

78 839 249 907 positionem
276 836 396 906 habent,
420 840 452 891 ut
475 836 557 905 viris,
586 836 637 890 sed
660 835 782 891 minores
811 839 841 890 et
866 837 1030 896 molliores.
1061 843 1110 897 sed

78 922 174 972 tamen
192 919 296 986 parant
313 916 390 971 viris.

39 1058 65 1096 rc
434 1040 546 1094 XXXII.
565 1039 611 1093 De
630 1039 741 1094 vulva.

151 1129 268 1183 Constat
287 1145 353 1198 ergo
372 1145 458 1182 unam
477 1127 617 1182 rationem
631 1144 692 1182 esse
705 1127 819 1182 feminis
839 1131 869 1183 et
888 1132 1042 1203 masculis,
1060 1135 1108 1189 sed
1134 1131 1148 1186 3¹

78 1208 210 1262 mulieres
225 1207 340 1261 vulvam
354 1207 462 1262 habent
480 1224 544 1261 curn
558 1207 662 1261 tunicis
672 1207 752 1260 IIII⁰r
764 1207 852 1262 vulva
860 1209 960 1277 prima
976 1214 1027 1266 cui
1044 1215 1107 1268 sula
1134 1199 1148 1264 ,5

78 1287 174 1340 iacent
191 1288 381 1356 membranae,
401 1304 455 1355 que
475 1287 622 1342 continent
643 1287 744 1356 fetum,
769 1288 846 1355 quod
868 1290 952 1358 greci
972 1293 1107 1362 genicion

78 1366 180 1435 colpon
208 1370 323 1435 vocant,
353 1368 407 1422 hoc
432 1370 476 1422 est
498 1367 635 1422 feminum
657 1367 757 1422 sinum.
787 1384 856 1422 nam
885 1374 1037 1437 quomodo
1065 1376 1106 1428 est

40 1461 64 1500 rs
78 1446 197 1500 maseuli
216 1450 365 1517 veretrum,
386 1448 426 1501 sic
441 1449 470 1502 et
483 1447 567 1502 vulve
581 1447 693 1503 collum.
711 1447 798 1502 vulva
812 1449 994 1506 naturaliter
1012 1453 1104 1507 mollis
1131 1492 1145 1529 <

78 1530 128 1580 est.
149 1530 262 1580 constat
280 1527 415 1581 tuniculis
434 1527 615 1597 firmissimis,
635 1527 757 1582 exterius
776 1544 913 1598 carnosa,
936 1530 1022 1586 intus
1041 1549 1104 1588 vero
1130 1537 1144 1590 t

78 1623 197 1660 nervosa
220 1606 272 1661 hec
296 1607 474 1677 superposita
498 1610 542 1662 est
565 1607 672 1662 directo
696 1607 840 1663 intestino.
869 1608 960 1664 huius
986 1612 1103 1667 cervicis
1128 1595 1144 1633 '⁴

78 1687 123 1742 vel
143 1703 228 1741 cornu
243 1687 379 1741 intritus
393 1687 579 1742 foraminibus
593 1687 748 1758 porrigitur
760 1705 850 1756 usque
866 1691 907 1743 ad
920 1690 1102 1762 longaonem

78 1767 108 1821 iu
127 1785 183 1835 qua
201 1785 245 1822 res
265 1767 393 1821 venerias
412 1767 564 1837 perficitur.
588 1767 673 1822 vulva
694 1769 789 1822 autem
807 1767 942 1825 involuta
962 1775 1010 1826 est
1032 1774 1102 1827 inte-

38 1861 64 1899 so
78 1847 171 1901 reneis
196 1847 324 1900 subiecta
347 1847 494 1916 ipsamque
518 1850 617 1902 tenens
640 1847 780 1915 vissicam,
800 1847 850 1915 qui
870 1850 999 1922 multum
1013 1852 1044 1905 in
1059 1852 1101 1905 his

77 1929 147 1982 locis
167 1928 263 1982 luxum
281 1927 390 1981 miserit
413 1927 634 1996 tenerissimum,
658 1943 713 1996 quo
736 1926 850 1981 facilius
876 1933 1002 2000 accepta
1020 1931 1100 1985 susti·

77 2012 153 2072 nent,
174 2008 277 2061 lumbis
298 2007 435 2061 adherens
459 2007 626 2062 firmissime.
649 2007 738 2078 partis
762 2006 846 2061 huius
866 2009 968 2064 cervix
987 2011 1099 2081 gracilis

78 2093 129 2157 est,
149 2089 196 2142 vix
215 2105 359 2142 accessum
374 2087 488 2141 seminis
502 2103 553 2157 per
570 2087 663 2143 huius.
683 2087 733 2140 sed
746 2086 797 2140 ubi
811 2090 928 2156 partum
947 2091 1098 2145 maturitas

78 2172 178 2222 evocat
197 2169 281 2236 intus,
301 2171 362 2221 tum
380 2167 463 2237 petit,
483 2170 515 2220 ut
532 2167 626 2221 nervis
644 2167 710 2220 inde
726 2165 948 2222 descedentibus
964 2172 1000 2224 ut
1013 2170 1099 2241 possit

38 2248 270 2302 retransmittere
298 2247 451 2316 infantem,
479 2263 630 2314 rursusque
657 2246 688 2298 in
714 2246 791 2316 ipsas
819 2248 975 2317 angustias
1005 2251 1096 2306 coerit.

78 2328 162 2381 iudex
181 2328 247 2380 huic
265 2327 361 2395 posita
379 2329 435 2395 est,
462 2329 494 2379 ut
512 2325 603 2395 possit
622 2325 788 2395 sanguinem
806 2325 937 2382 futurum
958 2332 1096 2386 amittere.

1135 868 1149 931 ,Ξ

149 2504 298 2558 lXXXllI
317 2505 349 2559 P.
422 2505 464 2558 tit.
483 2505 554 2558 deest
574 2503 606 2558 G.
680 2502 840 2556 2intrania
859 2504 894 2560 P.
977 2508 1098 2562 3habet

77 2592 130 2646 que
149 2575 372 2643 propositionem
389 2592 460 2642 quas
482 2575 514 2629 G.
623 2581 641 2628 4
659 2576 794 2642 quattuor
814 2574 847 2628 G.
963 2577 1044 2632 intus
1063 2579 1097 2632 P:

75 2662 142 2699 rero
161 2646 193 2699 G.
250 2653 334 2700 eser
350 2646 526 2712 G(malr'erts
544 2647 704 2715 quidemst.
722 2645 916 2713 remorre).
976 2666 1050 2722 vene
1067 2650 1097 2704 G.

76 2717 161 2771 ierius
182 2718 214 2771 G.
290 2716 398 2770 trires
419 2718 452 2771 G.
541 2722 575 2770 10
593 2715 729 2770 XXXIIII.
750 2716 782 2770 P.
857 2722 891 2769 12
911 2718 1044 2774 mulieris
1066 2721 1098 2775 G.

76 2789 163 2842 habet
184 2789 216 2842 G.
290 2806 354 2842 cum
372 2805 422 2841 om.
445 2788 477 2842 G.
550 2786 653 2842 tonicis
673 2786 705 2842 P.
782 2789 920 2854 quattuor
942 2789 978 2845 G.
1055 2791 1100 2846 cui

77 2860 131 2913 sibi
150 2860 245 2913 iacent
256 2859 289 2912 G.
342 2863 374 2910 13
393 2859 555 2913 membrane
565 2860 598 2913 G.
654 2876 708 2931 que
721 2856 755 2911 G.
810 2861 968 2915 contenent
978 2863 1014 2930 P,
1033 2880 1100 2918 con-

75 2931 147 2985 tinet
170 2933 201 2985 G.
276 2929 353 3000 greci
374 2930 407 2984 G.
480 2929 607 2999 gerieion
627 2930 660 2984 G.
734 2934 769 2982 14
787 2945 888 2983 senum
906 2930 940 2986 P.
1008 2940 1043 2987 15
1060 2935 1099 2988 sic

75 3005 118 3053 est-
137 3004 165 3054 et
187 3002 219 3056 G.
294 3000 377 3057 vulve
399 3001 431 3054 G.
507 3007 540 3055 16
558 3001 635 3054 intus
653 3016 774 3054 nervosa
792 3003 837 3055 est
856 3003 1043 3072 superposita
1058 3005 1100 3060 iu-

73 3071 179 3124 testino
201 3074 233 3126 G.
308 3077 341 3124 18
360 3060 460 3124 cornus
475 3073 507 3126 P.
562 3070 721 3141 porregitur
740 3071 772 3126 P.
829 3071 949 3142 longam
962 3091 1051 3131 ovem
1068 3078 1100 3132 G.

75 3147 108 3192 19
127 3143 276 3208 perficetur
294 3143 326 3196 P.
378 3142 531 3196 interauies
547 3143 579 3198 P.
640 3148 674 3196 20
693 3140 822 3196 subiecta
838 3143 872 3198 G.
928 3143 1057 3216 ipsaque
1069 3151 1100 3203 P.

74 3215 106 3260 ‘21
123 3210 218 3264 luxum
236 3213 346 3268 miserit
366 3215 404 3269 G:
423 3213 468 3268 lac
487 3213 659 3269 summiserit
676 3213 709 3268 P.
819 3216 972 3271 sustenent
992 3218 1027 3275 P.

71 3288 105 3338 22
124 3281 241 3339 lumbus
262 3284 296 3343 G.
381 3291 417 3339 *lt
434 3288 478 3339 est
495 3302 545 3339 orn.
567 3286 601 3341 G.
656 3300 772 3338 accessu
793 3285 826 3340 G.
882 3302 935 3356 per
954 3287 1045 3344 huius
1065 3294 1099 3345 P:

61 3376 232 3431 perunum
254 3359 287 3416 G.
345 3360 465 3414 ‘lttum
480 3374 531 3411 eiu.
548 3356 585 3409 G.
631 3354 781 3432 zltsirnora.
799 3356 832 3412 G.
889 3358 1011 3416 26inds
1033 3363 1100 3417 duro

57 3435 167 3506 posita
188 3437 236 3491 est
251 3432 353 3507 poss'rt
367 3432 500 3502 Gauron)
515 3441 615 3478 semen
623 3425 763 3474 summere
774 3425 800 3474 G
810 3427 911 3490 bruma
924 3433 1099 3500 sanguinem

54 3508 201 3586 —possit
223 3511 304 3582 om).
