2310 3864
101 146 167 211 462
498 144 705 199 vmnromm

137 307 192 374 (25)
211 306 277 358 sunt
296 306 393 359 eutem
409 304 553 360 naturales
567 303 608 358 of·
672 301 824 375 [Quoniam
836 303 969 360 medicus
982 306 1119 376 peritissi-

100 374 608 444 fioiocumquibusinfuntesnoscun·
635 391 698 430 mus
722 373 806 428 debet
829 389 899 431 esse.
919 379 952 430 et
976 377 1048 432 dum
1071 395 1117 434 nos

100 449 155 501 tur.
180 462 277 500 sensus
304 448 412 516 gustus.
441 445 607 520 et<s>opor
634 461 693 500 non
715 461 843 500 errorem.
870 445 1048 516 egritudinis
1078 466 1118 504 oo·

103 520 169 571 sunt
193 520 222 571 et
245 516 303 571 elic
326 516 368 591 irp
394 519 495 572 motus.
524 515 608 571 intel·
634 531 701 585 pere
735 515 933 585 potuissemus.
973 517 1118 575 festinavi·

101 587 198 642 leotus.
223 589 252 643 et
274 586 355 644 risus.
379 587 436 642 iste
459 587 555 642 omnia
578 589 608 643 et
635 604 697 641 mus
729 585 818 641 urinae
853 586 1042 645 diversitates
1074 591 1119 645 ud·

101 657 197 712 anime
220 660 250 712 et
277 657 401 728 corporis
429 657 518 714 totius
542 660 609 713 sunt
634 657 815 727 prehendere.
841 660 872 713 et
895 659 970 714 seito
993 677 1049 716 nos
1067 661 1119 716 uri·

101 728 244 783 adiutorio
270 728 363 798 prime
390 729 514 799 eorporis
542 731 608 785 sunt
634 745 702 782 nem
728 744 896 798 cognoscere
921 729 1019 787 citius.
1055 732 1120 802 quie

101 798 209 853 auxilia
247 802 277 853 et
321 798 480 872 egestiones
525 815 607 882 pren·
635 798 728 868 qualis
742 798 829 854 fuerit
842 802 954 857 ventus.
974 801 1053 857 tales
1068 803 1119 857 sol·

101 870 129 938 (b
149 869 308 939 corr.)entie
331 869 467 938 quamdiu
490 871 607 940 spuitur
634 869 729 925 licitet
746 870 885 926 humores.
905 874 937 925 et
955 871 1032 927 tales
1052 872 1120 929 feeit

100 940 130 993 in
149 957 199 994 suo
218 943 298 1010 reget
317 957 349 995 co
384 957 439 996 ore.
635 939 817 1011 egritudines.
837 956 904 1011 ergo
922 941 1057 1000 breviter
1074 961 1117 1000 ex-

136 1010 252 1081 [Incipit
270 1010 391 1080 epistoe
408 1011 552 1080 ypocratis
572 1013 606 1068 de
633 1011 764 1081 ponimus
778 1013 908 1081 tempora
921 1028 1025 1069 eorum
1033 1017 1118 1084 utque

99 1083 198 1150 peetus
226 1084 322 1136 eutem
349 1081 468 1136 nimium
491 1099 606 1154 pregre·
635 1081 841 1136 dominationes
869 1082 1022 1140 maximos.
1058 1103 1119 1140 sou·

100 1153 218 1207 vetum.
235 1196 240 1207 .
258 1198 263 1208 .
633 1152 697 1223 guis
716 1152 879 1206 dominetur
896 1169 1027 1211 vernum
1046 1157 1119 1211 eole-

632 1223 707 1279 rious
722 1225 821 1278 estete.
840 1223 1050 1281 melancolicus
1069 1244 1116 1282 on·

632 1297 769 1350 tumnum.
788 1293 891 1363 flegma
908 1293 1023 1365 hyeme.
1047 1298 1117 1352 scito

633 1365 750 1420 urinum.
766 1363 960 1421 colementum
970 1368 1117 1438 sanguinis

633 1452 701 1491 esse.
733 1436 783 1490 sed
806 1435 874 1489 dum
901 1438 1018 1495 venerit
1046 1438 1117 1510 egri·

631 1506 701 1562 tudo
716 1523 777 1575 quae
791 1522 826 1561 ex
839 1504 900 1560 aliu
913 1509 1040 1565 materie
1053 1527 1114 1580 pro

632 1577 715 1633 cedit.
731 1594 795 1631 oum
803 1575 855 1631 illu
867 1577 1042 1636 oonlimitet.
1054 1599 1115 1636 san·

631 1787 1113 1862 leneoliousnigrumflegmeelbo

631 1864 716 1929 utque
734 1860 916 1932 pinguem.]‘)

630 1931 789 2000 Explicit
816 1930 975 2001 epistole
1002 1935 1113 1990 vindi-

631 2001 731 2058 ciani.
748 2019 805 2057 seu
820 2002 1001 2071 expositio
1014 2022 1112 2061 mem·

796 2074 943 2130 brorum.

666 2143 782 2216 [incipit
794 2143 917 2213 epistole
935 2148 1111 2218 yppogrotis.

615 2214 665 2281 ,de
684 2214 941 2272 fleubothomia...

614 2288 618 2317 i

309 2352 389 2422 no)
613 2323 630 2426 Ι.
805 2355 925 2427 111(1>)

95 2462 308 2473 ——-—--....

164 2529 187 2597 ⁴²)
211 2531 300 2584 ecdem
317 2531 366 2586 too
385 2531 441 2586 loco
459 2531 554 2586 addito
574 2530 714 2597 Quoniam
731 2531 858 2586 medicus
874 2577 880 2589 .
895 2577 902 2591 .
915 2577 919 2588 .
930 2536 1034 2602 finitor
1055 2539 1109 2593 cod.

94 2600 190 2668 noyez.
208 2600 237 2655 V.
249 2605 304 2655 3.9
324 2604 371 2671 poi
389 2603 503 2671 insuper
520 2603 611 2657 hoto:
634 2619 753 2671 quorum
769 2603 938 2671 passionum
957 2624 1041 2663 curos
1056 2609 1108 2662 sin·

93 2668 217 2739 gillotim
236 2687 383 2740 exponam.
408 2673 442 2739 cf.
463 2672 508 2728 Pe.
529 2672 587 2728 Sor.
607 2678 681 2728 e.17
699 2691 784 2743 supro
802 2676 846 2730 cit.
864 2692 898 2744 p.
915 2681 979 2734 446.
