2288 3878
75 136 141 202 276
410 140 755 194 acauno-‘ruscum

147 312 270 351 vermem
292 296 419 352 invenies
442 296 473 351 in
491 297 581 352 cicero
604 297 703 367 viridi,
726 313 812 367 quem
832 298 914 354 tollis
938 302 969 355 et
989 300 1022 354 in
1044 319 1092 356 vas

76 376 198 430 vitreum
220 376 325 445 mittis,
349 376 481 431 similiter
502 378 532 431 et
555 376 677 431 farinam
699 379 729 432 et
750 377 863 447 aliquot
880 396 973 449 grana
995 380 1093 436 ciceris

76 455 186 524 viridis,
206 459 235 511 et
254 456 397 525 cooperies
416 473 474 510 vas.
503 458 532 511 et
549 459 615 526 post
633 456 694 512 dies
707 457 785 512 XXX
804 457 916 527 aperies
935 477 987 514 vas
1007 464 1037 516 ct
1054 461 1094 515 in-

77 535 173 589 venies
199 535 234 589 de
253 552 347 590 verme
369 552 503 589 muscam.
532 536 719 609 (ιιιιιιιιζιοΙΙίι
742 540 771 593 et
794 537 920 592 includis
943 539 975 594 in
998 540 1094 612 lupino

51 631 177 683 anucco,
202 618 231 670 at
249 615 349 685 ligas'
341 633 372 669 m
390 615 484 684 capite
502 615 576 683 viro,
599 615 712 671 mulieri
735 617 773 671 ad
796 619 933 672 renuam.
961 619 1036 675 haec
1052 637 1094 676 res

76 698 188 750 tantam
206 695 342 750 virtutem
359 695 448 750 habet
466 698 499 750 ut
513 712 537 748 si
529 695 605 750 hoo
619 695 657 749 ad
671 713 776 764 aquam
789 699 951 751 currentem
967 699 1093 768 posueris

75 793 141 830 mox
159 777 266 829 statuet
284 791 355 830 eam
375 762 433 829 sed
452 791 526 830 anno
545 791 600 830 uno
614 777 728 830 tantum
741 775 826 845 valet,
846 775 905 830 ulio
924 793 1002 833 anno
1016 795 1093 834 rono-

76 855 158 909 vabis
176 871 236 909 rem
255 855 289 908 de
309 854 366 909 alio
385 870 488 909 verme.
515 855 569 909 hoc
588 857 618 910 et
636 855 674 909 ad
696 819 826 910 mulieris'
840 855 1016 925 profluvium
1034 876 1094 928 pro-

77 935 147 989 dest

38 1029 63 1067 ιι
148 1013 217 1068 item
236 1013 260 1066 si
283 1013 318 1067 de
343 1014 442 1067 dextra
464 1016 545 1082 parte
564 1013 719 1068 cucurrerit
737 1011 866 1082 sanguis,
894 1013 926 1067 in
949 1014 1093 1071 sinistram

77 1092 148 1147 dicis
169 1093 282 1162 Surgur

148 1173 218 1228 item
238 1172 337 1227 scribis
357 1173 392 1227 de
411 1173 548 1243 sanguina
567 1173 627 1227 aius
650 1173 681 1227 in
699 1171 822 1227 fronte
813 1172 904 1241 ipsius
923 1189 991 1228 cum
1009 1193 1094 1245 grano

78 1252 149 1306 turis
168 1269 270 1307 nomen
289 1252 349 1306 eius
368 1252 487 1307 inversis
506 1253 619 1323 litteris,
638 1255 667 1307 at
684 1268 750 1307 mox
769 1251 865 1307 stabit.

26 1328 31 1337 '
150 1331 275 1400 gallinae
294 1348 367 1400 quae
381 1331 474 1402 pullos
489 1332 610 1388 exclusit
627 1334 717 1387 testas
731 1350 848 1387 ovorum
860 1331 966 1388 leviter
978 1337 1094 1403 testato,

39 1424 64 1464 ιι
77 1410 163 1466 terito
183 1415 212 1464 et
230 1411 394 1466 tenuissime
414 1411 570 1468 cribellato.
594 1412 683 1482 ipsius
701 1411 847 1482 pulverem
869 1427 920 1480 per
943 1416 1094 1469 cannulam

77 1489 229 1544 insufflabo.
249 1506 314 1543 mox
333 1490 429 1546 stabit.

148 1568 219 1623 item
238 1569 360 1639 corrigia
379 1570 482 1625 canina
500 1570 531 1625 in
549 1571 622 1627 collo
641 1571 734 1641 ligata
750 1570 853 1624 mirum
871 1573 924 1625 est.

148 1648 179 1703 in
197 1648 254 1704 tria
272 1649 343 1703 folia
363 1650 438 1704 lauri
456 1651 556 1705 scribis
576 1652 611 1706 da
635 1651 773 1722 sanguine
791 1650 880 1720 ipsius
899 1650 1024 1708 Tantalo
1041 1654 1095 1724 pie,

78 1729 128 1784 Pie
147 1729 265 1800 tantalo,
284 1730 404 1784 Tantalo
423 1730 479 1801 pie,
506 1735 535 1786 at
553 1731 588 1785 de
607 1747 673 1785 suco
692 1730 769 1800 porri
787 1729 906 1800 virginis
925 1730 1008 1787 lavas
1027 1733 1096 1787 folia

38 1822 63 1861 so
77 1809 148 1880 ipsa,
169 1814 198 1864 ct
216 1810 267 1865 das
286 1809 313 1865 ei
331 1809 437 1868 bibere.

150 1889 219 1945 itam
241 1890 272 1945 in
295 1890 408 1944 chartas
433 1891 470 1945 ad
496 1907 592 1958 aurem
615 1889 704 1959 ipsius
728 1888 862 1959 Sanguis,
890 1889 1014 1960 imperat
1041 1891 1096 1947 tibi

79 1971 245 2040 Apuleius
264 1971 458 2025 madaurensis
477 1974 509 2025 ut
527 1986 623 2025 cursus
642 1972 707 2023 tuus
727 1971 791 2024 stet.

148 2050 218 2105 item
236 2053 268 2104 ut
287 2068 371 2120 supra
390 2051 427 2104 ad
446 2066 543 2104 aurem
561 2049 631 2104 dicis
650 2048 709 2104 Fix.
729 2049 774 2102 fix.
793 2049 876 2104 fixon.

150 2150 217 2185 nam
236 2136 265 2186 et
283 2131 364 2185 fimus
383 2130 510 2197 asininus
529 2129 614 2185 tritus
633 2146 697 2183 cum
711 2128 848 2199 sanguine
862 2128 986 2185 hominis
1006 2131 1095 2201 ipsius

38 2221 63 2260 ss
80 2211 110 2265 in
124 2210 258 2265 mortario
272 2214 301 2265 et
314 2209 401 2264 fronti
420 2227 483 2264 cum
496 2209 677 2264 hemicraniis
691 2208 813 2263 illinitus
828 2207 996 2278 sanguinem
1010 2210 1096 2276 sistit,

80 2292 229 2347 candelam
247 2290 326 2345 tollis
345 2292 374 2344 et
391 2292 524 2344 naturum
537 2287 592 2343 viri
610 2288 723 2359 ligabis,
742 2287 856 2342 mulieri
874 2288 1042 2359 capitellum
1061 2290 1096 2344 de

80 2371 175 2425 titina.
204 2370 290 2440 lappa
313 2368 402 2439 capiti
424 2367 599 2422 circumdata
625 2368 728 2422 mirum
755 2372 805 2424 est.
833 2371 898 2423 mta
926 2387 991 2424 cum
1014 2373 1095 2426 aceto

79 2449 149 2503 trita
172 2452 201 2502 et
224 2448 291 2502 lanu
321 2447 456 2502 obvoluta
486 2445 602 2500 nasibus
630 2446 737 2503 inserta
764 2447 931 2518 sanguinem
957 2450 1096 2520 reprimit.

80 2531 161 2582 rutae
190 2543 284 2581 semen
312 2526 412 2580 tritum
438 2525 555 2579 nuribus
583 2525 758 2596 applicatum
784 2528 907 2598 prodest.
945 2529 1097 2599 coagulum

40 2617 66 2657 eo
80 2607 216 2677 agninum
239 2622 273 2659 ex
297 2622 371 2674 aqua
396 2604 521 2659 solutum
544 2604 631 2659 fronti
654 2604 768 2662 illinito.
805 2606 872 2661 lana
895 2606 995 2662 sucida
1014 2625 1096 2663 auras

80 2687 140 2742 eius
159 2685 309 2740 inculcabo.
347 2684 457 2740 cocleas
475 2683 559 2739 tritas
578 2684 665 2739 fronti
684 2685 798 2741 illinito.
835 2685 866 2740 in
884 2686 985 2741 charta
1004 2687 1096 2742 scribe

79 2768 221 2824 MaleiN.
242 2766 394 2820 Maubai.
415 2766 558 2820 {salabim

150 2848 256 2901 cretam
274 2845 465 2916 argentariam
483 2862 547 2899 cum
566 2845 641 2899 aceti
662 2844 800 2900 cocleario
817 2844 917 2900 tritam
935 2849 965 2901 et
982 2847 1096 2903 modico

80 2943 170 2995 aquae
189 2927 270 2996 potui
289 2927 365 2997 dato,
385 2929 414 2982 et
432 2926 514 2995 quasi
533 2924 736 2995 sanguinem
753 2927 873 2981 vomet.

58 3096 61 3103 ·
152 3069 288 3125 lciceb
380 3068 576 3124 urenovabis:
595 3067 795 3123 removebisb
901 3073 933 3121 12
953 3069 988 3136 cf.
1007 3071 1096 3124 simile

81 3142 184 3210 qaid
172 3159 203 3195 ιιι
222 3142 345 3211 plaustris
366 3143 518 3196 subtractio
539 3140 589 3195 Tb.
614 3140 701 3195 Prisc.
725 3139 815 3195 Bruto
832 3140 863 3206 (l
869 3139 926 3204 IV)
942 3156 972 3208 p
983 3143 1039 3195 9001
1056 3142 1097 3195 cd.

82 3212 150 3282 Αιρ
243 3217 275 3264 13
295 3228 397 3266 nomen
416 3210 726 3276 eius:i1·net(sic)b.
808 3212 880 3264 14t.
901 3225 1018 3264 ovorum
1037 3210 1097 3265 eius

84 3285 146 3349 (sic)
167 3285 191 3337 b
266 3287 299 3335 18
319 3285 352 3338 de
373 3284 445 3338 Ταιιι
446 3284 490 3337 alo
508 3282 544 3349 cf.
563 3281 687 3336 Antidot.
707 3296 763 3335 ccc.
783 3280 861 3335 Laid
882 3282 951 3348 (cod.
971 3281 1096 3350 Apulei.)

83 3357 139 3409 185
159 3354 211 3421 (ed.
232 3354 484 3421 Piccbotta1887).
558 3358 589 3405 21
611 3353 692 3405 aures
680 3351 734 3405 sb.
807 3357 841 3403 22
860 3351 1054 3406 madaurensis
1074 3354 1097 3407 b.

82 3430 116 3478 23
127 3425 203 3479 fixon
214 3427 317 3495 (camp.
329 3426 380 3481 litt.
391 3426 453 3492 alt.)
465 3425 488 3480 b.
536 3427 570 3476 25
580 3420 748 3491 emigraneis
758 3422 859 3490 (-nis)
871 3424 893 3478 b.
949 3427 983 3478 27
993 3422 1061 3492 laps
1072 3426 1096 3479 b.

83 3519 115 3567 31
136 3514 267 3569 incucato
286 3514 309 3569 b.
374 3518 408 3566 33
428 3529 492 3566 cum
509 3513 590 3577 aceto
609 3509 732 3566 coclaria
750 3508 820 3565 trita
838 3514 867 3564 et
885 3509 995 3566 modice
1013 3499 1058 3578 ais
1071 3513 1094 3568 b.
