2288 3878
76 144 142 209 304
408 141 754 197 pascuo-rusorum

148 303 233 357 ltem
255 304 292 355 ut
314 299 437 354 mulier
459 303 621 368 corrupta
645 298 745 369 virgo
772 305 956 371 appareat.
994 303 1092 374 recip't

77 381 192 435 mirram
206 380 334 435 libanum
342 378 514 435 colofonium
521 379 614 449 picem
623 378 865 450 auripigmentum
874 381 976 437 bolum
989 383 1094 454 gallam

78 461 161 516 aloen
179 478 298 531 gypsum
313 478 400 515 cornu
413 459 557 514 cervinum
570 458 690 514 incisum
703 459 922 516 aristolochiam
934 464 1093 518 rotundam.

78 541 223 611 pulverem
241 541 286 595 fac
305 543 335 595 et
352 543 439 594 utere.

51 638 64 676 ο
148 621 198 675 Ad
216 619 387 674 stomachi
406 619 567 674 dolorem.
600 617 782 687 argentillam
800 635 866 673 cum
884 619 953 675 rino
973 620 1049 676 bono
1067 625 1094 676 et

79 701 175 772 pipere
194 700 284 754 bibet.

86 818 90 825 -
150 779 333 849 Epithema
355 779 444 848 quod
469 780 624 832 ventrem
645 776 722 848 plus
746 776 854 832 solvit
877 796 981 847 quam
1003 796 1095 835 cero·

81 865 157 916 tum.
194 859 295 928 recipit
318 858 483 928 cyclaminis
505 856 645 927 radicum,
673 855 785 911 elaterii
809 860 840 912 et
863 857 1001 914 fohorum
1028 860 1094 928 eius,

81 939 198 995 ellebori
216 938 276 993 albi
291 941 321 992 et
333 938 416 1008 nigri,
436 937 534 993 scillae
548 936 616 991 nitri
633 936 794 992 scamoniae
812 936 937 993 euforbii
956 956 1013 994 ana
1027 941 1095 1009 ÷I,

41 1036 67 1074 ιο
83 1018 259 1087 stafisagriae
278 1031 313 1078 ÷
327 1019 348 1086 I,
367 1035 448 1073 cerae
467 1021 496 1073 et
513 1017 585 1087 picis
604 1034 660 1072 ana
678 1031 714 1076 -:—
726 1016 761 1086 V,
784 1016 841 1072 olei
863 1018 972 1073 veteris
984 1032 1024 1078 -1-
1036 1020 1093 1074 1111.

80 1101 139 1153 tere
158 1102 187 1153 et
200 1098 287 1153 misce
301 1115 365 1152 cum
379 1114 445 1152 suco
460 1098 620 1165 herbarum,
639 1097 746 1152 addens
760 1096 837 1152 fellis
850 1097 962 1152 taurini
976 1100 999 1163 3
1013 1099 1094 1155 XXX.

80 1178 165 1231 induc
189 1177 278 1232 linteo
302 1181 334 1232 ut
357 1180 450 1232 totum
472 1181 599 1232 ventrem
621 1179 718 1232 teneat
740 1179 857 1247 etpost
884 1177 960 1247 galli
982 1182 1096 1234 cantum

82 1257 202 1326 impone.
231 1274 295 1311 eum
313 1257 398 1312 sellas
416 1257 574 1327 perfecerit,
592 1256 681 1311 intret
698 1255 839 1312 balneum

152 1335 356 1391 Antidotum
370 1337 412 1391 ad
425 1336 621 1392 memoriam
634 1336 869 1391 revocandam.
889 1336 995 1406 recipit
1005 1339 1095 1408 spicae

43 1430 69 1469 ιο
83 1413 191 1483 agarici
209 1415 361 1485 zingiberis
380 1433 435 1470 aua
449 1417 506 1484 51,
524 1414 630 1485 piperis
644 1415 710 1484 511,
729 1415 801 1470 costi
819 1415 898 1471 aloes
918 1416 1095 1473 alexandrini

82 1492 196 1547 seminis
216 1494 354 1549 absinthii
373 1494 475 1565 prassii
492 1494 658 1565 hyoscyami
676 1511 732 1550 ana
744 1496 797 1565 31,
823 1496 916 1550 mellis
937 1497 1095 1568 despumati

81 1571 157 1640 quod
176 1572 287 1627 sufficit.

152 1651 349 1724 Fumigium
367 1656 409 1709 ed
429 1647 901 1710 haemorroidesmirificum.
939 1673 1017 1726 pone
1036 1675 1096 1713 cau·

85 1729 221 1801 thericles,
241 1733 333 1802 spolia
347 1734 494 1805 serpentis,
512 1735 706 1805 peucedanum
720 1733 886 1803 aequaliter,
900 1734 945 1790 ita
959 1740 993 1792 nt
1007 1737 1096 1792 furum

42 1828 68 1867 ao
82 1810 189 1866 ibidem
205 1814 347 1869 escendat.

152 1892 368 1964 Unguentum
382 1893 542 1949 mirabile
557 1895 646 1963 quod
660 1893 749 1948 facit
763 1894 920 1950 arthriticis
933 1895 1097 1952 ischiadicis

82 1972 247 2042 paralyticis
267 1973 363 2029 culicis
383 1977 412 2028 et
426 1976 463 2029 ed
482 1990 592 2029 omnem
615 1973 741 2028 dolorem
760 1976 789 2028 et
811 1974 849 2028 ad
875 1990 973 2030 omnes
992 1980 1096 2046 guttas.

84 2052 185 2122 recipit
204 2053 311 2108 salviae
330 2053 447 2107 sabinae
465 2053 656 2108 calaminthae
679 2052 769 2123 puleii
790 2057 872 2108 rutae
891 2056 1017 2110 samsuci
1036 2057 1098 2111 cha·

83 2132 216 2203 maemyli
235 2133 333 2188 scillae
356 2131 494 2187 absinthii
517 2133 589 2187 ireos
614 2133 691 2188 acori
709 2133 805 2202 cyperi
825 2133 908 2203 ysopi
927 2134 1008 2190 aneti
1028 2135 1099 2190 lauri

16 2242 32 2267 ι
44 2226 70 2265 ee
84 2211 216 2267 foliorum
235 2213 360 2267 sambuci
386 2213 490 2266 herbae
507 2211 695 2267 ...althaeae
714 2213 818 2267 radicis
837 2213 975 2283 bryoniae
994 2215 1098 2270 radicis

82 2293 185 2362 prassii
204 2293 335 2347 abrotoni
348 2291 480 2347 foliorum
494 2291 693 2347 aristolochiae
707 2293 848 2347 rotundae
864 2293 982 2362 serpylli
1000 2293 1096 2348 inulae

84 2372 282 2427 aristolochiae
314 2373 415 2441 longae
447 2388 511 2424 cum
538 2370 614 2425 foliis
643 2372 806 2427 artemisiae
839 2373 964 2428 antulae.
1002 2391 1098 2429 omnes

83 2450 186 2505 herbas
204 2450 292 2520 pista,
312 2454 341 2505 et
359 2450 473 2504 inviro
493 2450 599 2520 optimo
620 2451 719 2507 diebus
738 2452 830 2507 tribus
849 2456 991 2508 maneant.
1031 2457 1098 2508 tune

84 2546 172 2597 coque
190 2530 256 2583 illas
274 2529 305 2583 in
323 2530 423 2584 eodem
440 2530 508 2584 rino
527 2533 556 2584 et
574 2533 673 2600 torque
693 2532 723 2586 in
741 2549 835 2602 penno
855 2534 888 2586 ut
907 2532 998 2587 omnis
1018 2551 1099 2588 umor

44 2621 70 2660 οο
84 2611 173 2677 exeat,
193 2612 223 2663 et
240 2611 307 2662 tuuc
327 2609 400 2663 adde
419 2609 519 2665 oleum.

37 2839 41 2845 ·
156 2818 171 2867 1
190 2799 215 2867 U
233 2815 298 2868 3-c
317 2830 364 2869 cor
382 2813 425 2868 vir
444 2819 588 2884 appareat.
609 2818 673 2882 ltb.
742 2822 758 2870 2
778 2816 890 2872 colofcfi
908 2818 932 2872 b.
993 2821 1009 2870 3
1030 2816 1098 2871 aiilt

86 2902 110 2940 o.
129 2884 276 2941 Pulverem
292 2931 297 2942 .
311 2930 334 2942 ..
354 2888 377 2942 b.
452 2892 466 2939 7
486 2886 631 2956 Epitbima
650 2889 672 2942 b.
746 2893 762 2942 8
782 2891 807 2952 lt
827 2890 850 2943 b.
931 2885 960 2942 O.
979 2887 1099 2942 radices.

85 2955 226 3011 Electerii.
246 2960 275 3012 et
293 2956 363 3011 folia
381 2959 405 3013 b.
492 2964 508 3012 9
527 2958 629 3027 squille
648 2960 672 3014 b.
764 2963 797 3011 10
817 2957 871 3013 ol’o
891 2960 914 3014 b.
1007 2963 1040 3011 11
1060 2956 1100 3012 fel

86 3044 200 3099 taurini
219 3049 243 3101 b.
316 3045 440 3117 idullb.
513 3035 608 3111 1533.
629 3063 684 3101 ane
702 3053 728 3110 3.
746 3045 914 3118 Pipis...b.
993 3046 1057 3101 eloe
1076 3049 1100 3101 b.

87 3121 120 3169 16
137 3116 291 3184 iusquiami
310 3120 333 3173 h.
399 3122 431 3171 18
451 3118 623 3172 emorroides
642 3119 665 3174 h.
739 3123 773 3170 19
793 3118 900 3188 speutis
920 3118 983 3187 (etc)
1004 3120 1029 3172 b.

85 3186 274 3254 peucidanum
293 3190 316 3244 b.
407 3194 440 3243 21
460 3188 615 3243 artheticis.
635 3187 759 3243 sciaticis
779 3189 802 3244 b.
898 3193 933 3242 23
952 3187 1057 3243 Sanina
1078 3190 1102 3242 b.

157 3257 329 3313 Calementis
349 3263 371 3315 b.
445 3259 562 3314 Sensuci
582 3261 605 3313 b.
661 3257 825 3313 Gamomille
845 3261 868 3315 b.
929 3264 964 3312 24
984 3258 1099 3328 Squille.

86 3327 215 3381 Absincii
234 3332 256 3384 b.
312 3336 346 3384 26
361 3330 470 3385 sabucii
484 3333 507 3385 b.
561 3329 657 3384 Herba
675 3328 743 3384 luia.
763 3329 846 3386 Altae
860 3332 884 3386 b.
940 3335 975 3384 26
989 3330 1100 3384 Pressi.

87 3399 233 3455 Abrotani.
263 3401 404 3456 Foliorum
427 3400 496 3456 arist
519 3417 543 3456 o.
564 3399 809 3474 serpilli-Ennia.
835 3400 918 3456 Arist.
942 3400 965 3453 L
984 3406 1019 3455 cii
1038 3400 1057 3456 f.
1077 3402 1100 3454 b.

88 3512 121 3562 27
140 3506 245 3562 Antule
265 3509 326 3578 (sic)
347 3509 370 3563 b.
426 3511 460 3561 28
478 3506 555 3576 pista
573 3508 597 3563 h.
652 3512 685 3562 29
705 3484 750 3575 (iit
770 3508 902 3577 (quoque)
921 3508 944 3562 b.
1007 3505 1058 3560 ille
1077 3506 1100 3560 b.

475 3796 540 3824 ἱ
