2288 3878
48 152 114 217 344
385 145 733 202 ΡΒΕΙΙΒΟ·ΤΗΕΟΒΟΚΙ

47 311 115 364 bere
134 311 279 363 menstrua
297 305 446 362 consuerit.
471 304 525 358 hoc
544 307 573 358 et
596 303 712 358 noxium
729 318 855 357 umorem
873 304 1007 359 matricis
1026 322 1076 360 ex-

50 390 146 445 siccat.
174 387 302 458 puleium
325 402 464 456 acapnum
482 388 533 439 aut
550 382 642 438 viride
664 400 729 437 cum
750 399 846 436 murra
865 385 943 438 teres
964 387 995 438 et
1013 403 1075 439 rnu-

48 470 112 524 lieri
136 467 267 523 subicies.
296 466 389 520 violae
408 464 535 533 seminis,
561 479 674 517 murrae
696 478 752 516 ana
770 461 832 520 ÷1
851 460 939 516 simul
963 466 1026 519 tere
1047 468 1079 520 at

50 567 114 604 curn
132 547 192 602 vini
211 544 357 615 quartario
375 545 470 613 misce,
489 546 519 598 et
536 541 618 612 potui
638 542 713 596 dato.
733 540 758 594 si
776 541 873 594 autem
891 544 1010 610 partum
1028 560 1077 598 ex.

22 634 147 685 ocutere
166 625 305 694 volueris,
325 623 462 694 superiori
479 622 591 693 potioni
609 620 714 692 piperis
733 636 823 691 grana
836 618 863 674 V
882 624 936 676 aut
949 623 1006 678 VII
1025 629 1080 681 aut

48 709 128 762 VIIII
146 705 304 761 commisce.
333 703 438 758 herbae
456 702 618 758 vettonicae
636 699 761 772 pulveris
775 699 850 770 scrip
864 700 906 754 III
926 718 995 756 cum
1013 705 1077 759 vini

52 786 143 842 dulcis
164 789 248 856 cyato
263 785 276 838 I
290 787 319 839 et
338 799 429 852 aquae
448 781 560 837 calidae
578 782 668 851 cyatis
682 781 736 835 1111
753 781 834 851 potui
854 781 904 851 da,
924 787 1080 840 menstrua

52 867 174 922 deducit.
196 863 393 937 <artemisiam
409 862 508 916 tritam
526 879 590 916 cum
603 860 703 915 hordei
720 859 814 914 farina
832 877 924 929 coque
945 869 977 918 et
992 882 1081 934 super

50 948 192 1017 pectinem
205 944 348 1016 impone).
372 942 474 997 mulier
487 941 572 995 facile
588 943 735 1011 purgatur,
754 941 779 994 si
793 940 868 995 lauri
882 941 974 997 bacas
990 945 1080 1000 tritas

12 1039 39 1078 ro
55 1043 119 1080 cum
136 1025 203 1079 rino
222 1024 311 1078 bibat.

142 1167 188 1222 IV.
212 1167 258 1221 De
278 1165 447 1234 sanguine
465 1161 670 1219 menstruali
689 1161 976 1232 constringendo.

124 1264 205 1329 Quod
224 1263 365 1331 quaedam
382 1262 483 1317 volunt
500 1261 622 1317 feminae
636 1276 709 1328 quae
724 1257 780 1314 sibi
796 1260 945 1314 menstma
964 1260 1077 1317 differri

54 1342 217 1396 desiderant
235 1345 350 1411 propter
369 1340 495 1410 aliquam
511 1339 704 1409 occupationis
719 1356 842 1408 causam,
860 1355 910 1394 aas
925 1339 973 1392 his
988 1341 1076 1395 rebus

51 1420 207 1490 constringi
228 1424 346 1490 oportet.
375 1420 421 1475 fici
439 1419 510 1474 folia
529 1423 641 1475 contere
660 1422 767 1473 etcum
784 1418 844 1473 vini
862 1418 941 1488 nigri
955 1420 1076 1476 hemina

13 1512 36 1551 ro
53 1499 135 1570 potui
154 1499 229 1554 dato.
258 1500 329 1554 haec
347 1499 427 1569 potio
446 1499 533 1554 etiam
550 1498 719 1569 profluvium
735 1497 871 1568 reprimit.
900 1498 982 1554 item.
1002 1499 1074 1555 mali

48 1577 162 1649 granati
190 1577 324 1633 corticem
350 1583 425 1634 teres
453 1581 482 1634 et
509 1596 605 1634 cernes
634 1581 663 1633 et
689 1578 761 1648 picis
789 1578 962 1633 tantundem
985 1579 1019 1633 in
1044 1597 1073 1634 se

53 1657 249 1712 commiscetis
268 1660 297 1712 et
316 1675 350 1713 ex
369 1676 402 1714 eo
421 1662 558 1728 quantum
571 1659 662 1714 tribus
677 1657 776 1728 digitis
790 1658 1008 1727 apprehendere
1022 1677 1074 1730 po·

52 1737 122 1793 teris
145 1737 176 1791 in
198 1738 258 1794 vini
282 1739 382 1808 optimi
406 1740 435 1794 §t
449 1740 475 1792 Π
493 1739 637 1808 infundes,
665 1741 695 1793 et
722 1737 823 1792 exinde
848 1737 963 1807 singula
988 1757 1074 1808 quar·

52 1818 127 1872 taria
146 1818 257 1873 mulieri
276 1819 357 1889 potui
377 1819 467 1874 dabis.
487 1820 556 1875 item
574 1819 625 1888 git,
644 1833 754 1872 murrae
776 1834 831 1870 ana
844 1831 881 1877 -ζ-
894 1817 907 1870 I
922 1834 990 1871 cum
1004 1819 1073 1874 vino

125 2019 140 2067 1
162 2014 246 2069 eiciet
264 2033 289 2070 a.
383 2013 618 2083 ipuleium-(d)
638 2013 705 2066 dato
724 2029 774 2066 om.
794 2031 821 2066 a.
911 1979 1028 2081 acapna
1048 2016 1072 2069 t.

54 2085 162 2139 3Item
180 2105 205 2139 r.
226 2103 246 2140 s.
266 2104 291 2156 9.
365 2086 476 2138 contere
494 2103 519 2156 9.
613 2083 713 2137 trino
733 2085 756 2150 t,
776 2082 842 2136 vino
861 2081 952 2136 veteri
971 2101 998 2153 9.

55 2172 102 2223 qu.
122 2172 172 2210 om.
191 2174 216 2227 g.
333 2157 447 2224 partum
464 2173 516 2226 ap:
536 2157 600 2210 3-0
615 2153 736 2224 (mulier)
756 2155 778 2208 b.
888 2152 1023 2209 emittere
1043 2174 1074 2210 a.

55 2227 253 2296 osupradicte
272 2244 319 2349 az.
411 2225 534 2293 quinque
554 2228 604 2279 aut
622 2241 723 2280 novem
742 2243 767 2279 a.
854 2224 1025 2304 tvatonice
1044 2228 1073 2282 b:

54 2297 186 2368 betonice
196 2315 243 2368 ag.
321 2302 383 2366 .r.(
405 2299 421 2366 .)
432 2296 525 2365 pulvis
541 2298 590 2365 tp,
604 2295 728 2364 pulveris
743 2296 770 2349 b.
780 2313 806 2349 a.
856 2294 916 2348 rim
932 2294 1027 2350 dulcis
1043 2316 1073 2353 a:

55 2367 121 2422 vino
142 2367 219 2420 dulei
236 2386 261 2439 p,
281 2367 347 2420 vino
367 2368 389 2421 t.
463 2369 492 2420 et
511 2383 535 2420 a.
556 2384 581 2434 q.
602 2366 692 2420 eiatos
711 2385 741 2421 a:
761 2383 786 2420 a.
806 2383 828 2420 c.
848 2364 938 2419 ciatos
959 2368 985 2434 b,
1006 2385 1032 2422 a.
1049 2385 1073 2422 c.

55 2437 138 2490 oiatis
157 2456 181 2508 9.
257 2443 272 2491 7
290 2436 371 2506 potui
391 2437 428 2490 da
447 2439 462 2492 b
481 2439 517 2506 (p.
538 2436 635 2489 datum
653 2439 693 2507 9):
715 2452 765 2491 om.
785 2456 809 2491 a.
882 2454 919 2490 m.
940 2437 1040 2492 educit
1055 2458 1076 2493 a

56 2513 119 2573 (om.
137 2516 175 2578 9).
249 2513 265 2560 8
285 2508 366 2576 (Item
384 2509 447 2562 add.
469 2510 496 2576 a)
515 2506 718 2576 art-impone
737 2526 789 2578 oo:
809 2525 859 2562 om.
879 2509 903 2562 b.
998 2513 1014 2561 9
1033 2527 1073 2565 m.

54 2577 124 2631 satis
144 2577 201 2631 cito
221 2580 250 2631 et
267 2577 286 2632 f.
306 2577 475 2647 purgabitur
494 2596 519 2632 a.
592 2577 676 2631 tritas
696 2581 748 2633 ba:
768 2578 875 2632 caricas
894 2596 918 2650 p.
977 2584 1013 2632 10
1027 2579 1074 2633 bi-

55 2649 107 2702 bat
124 2667 176 2718 ga:
195 2651 276 2717 potet
295 2650 318 2703 b.
424 2654 455 2702 11
476 2649 535 2704 XV.
555 2648 597 2702 De
617 2648 755 2703 dilatione
772 2648 951 2718 purgationis
970 2667 996 2719 9.

54 2725 88 2772 12
108 2719 234 2784 Quadam
253 2718 357 2790 femine
377 2718 477 2774 volunt
492 2719 598 2774 differri
613 2719 668 2773 sibi
681 2720 881 2790 purgationem
898 2736 949 2789 pro
969 2719 1073 2788 aliqua

54 2807 78 2844 o.
99 2807 192 2844 causa.
211 2789 256 2844 his
276 2792 388 2860 oportet
406 2790 631 2860 constringentia
648 2791 721 2845 talia
740 2791 802 2844 dari
819 2809 844 2861 p,
864 2791 995 2863 Quedam
1008 2809 1072 2845 mu-

54 2860 138 2916 lieres
158 2864 224 2915 sunt
242 2878 296 2931 que
315 2861 371 2917 sibi
393 2866 538 2917 menstrua
555 2863 656 2917 volunt
680 2861 796 2917 deficere
820 2864 978 2931 proptera.
1000 2879 1025 2918 o.
1047 2880 1073 2917 a.

55 2949 110 3000 que
128 2933 173 2987 his
192 2934 275 2988 rebus
295 2951 317 2988 c.
338 2950 362 2989 o.
382 2952 407 2990 a.
481 2933 592 2988 differre
612 2937 635 2990 b.
710 2940 743 2987 14
761 2931 807 2986 fioi
826 2934 877 2988 bo:
901 2932 969 2986 ficus
988 2951 1015 3004 9.

57 3008 91 3056 15
111 3005 148 3058 da
166 3022 190 3076 p.
300 3005 353 3060 hoc
373 3005 461 3060 etiam
480 3025 505 3075 α,
524 3006 578 3060 hoo
597 3005 684 3059 etiam
702 3008 731 3057 et
749 3022 773 3073 p.
882 3004 954 3057 Item
972 3020 1024 3058 om.
1046 3024 1074 3061 a.

54 3111 122 3166 teris
141 3119 187 3167 ete.
204 3113 232 3166 b:
251 3114 311 3166 tere
330 3120 376 3168 eto.
389 3115 478 3183 (imp.)
490 3131 539 3184 ap.
596 3118 629 3166 16
643 3111 673 3164 in
688 3109 770 3164 simul
785 3129 811 3164 a.
866 3115 901 3164 17
915 3077 1071 3168 comiseiib

49 3220 126 3287 (-ce
146 3220 202 3288 ay).
294 3234 329 3272 ex
348 3235 380 3273 eo
399 3236 449 3274 om.
469 3237 493 3290 9.
585 3220 722 3286 quantum
741 3234 792 3287 ap:
813 3194 831 3285 (ἶ
850 3219 874 3272 t.
964 3233 1069 3287 appre-

47 3289 171 3344 hendere
191 3289 219 3343 b:
239 3287 334 3342 levare
353 3308 379 3358 a,
399 3307 449 3344 om.
463 3308 494 3360 ,9.
568 3295 601 3342 18
621 3287 750 3342 sextariis
771 3287 880 3342 duobus
899 3306 929 3356 a,
949 3301 985 3347 ÷
999 3291 1025 3343 H
1040 3309 1068 3361 9.

104 3364 133 3416 et
150 3358 231 3428 potui
250 3358 333 3413 dabis
353 3362 467 3416 breviter
480 3379 505 3414 a.
561 3358 706 3427 quartaria
725 3359 753 3412 b:
772 3356 840 3411 fiala
857 3377 882 3430 9.
939 3364 972 3412 19
988 3360 1026 3413 da
1039 3380 1066 3432 9.

46 3431 120 3488 item
138 3434 188 3486 ta:
208 3446 257 3485 om.
272 3448 297 3501 g.
347 3430 434 3500 gito,
456 3429 567 3499 Gittib,
588 3428 705 3499 Giptip.
757 3444 810 3497 pro
829 3445 885 3484 ana
899 3431 940 3486 bis
953 3431 1034 3486 tabet
1048 3451 1068 3487 a

37 3506 113 3580 ÷I,
134 3506 200 3564 arem
218 3520 242 3562 r.
257 3518 309 3575 aeq.
