2288 3878
60 156 123 221 146
373 159 563 211 THEODORI
580 159 760 213 PBISCIANI

58 325 229 385 drachmam
247 325 274 406 l,
303 326 442 405 sagapeni
465 325 508 385 dr.
531 325 558 405 l,
590 327 715 386 storacis
734 325 778 385 dr.
796 325 809 385 l
832 324 950 404 galbani
972 324 1016 385 dr.
1036 327 1077 387 Π.

59 416 157 474 omnia
184 416 312 474 contrita
339 415 395 474 fico
423 413 630 474 commiscebis
658 421 688 474 et
719 415 813 474 uteris
845 432 900 492 pro
928 414 1075 492 cataplas-

58 510 136 563 mate
159 502 371 580 praecalefacto
391 504 480 581 capiti
498 508 567 581 post
591 520 726 562 rasuram
743 501 925 578 novaculae]
960 509 990 563 et
1013 503 1075 563 ire-

59 593 199 670 quentius
223 593 312 651 etiam
335 592 529 669 sanguisugas
551 590 694 669 applicari
718 593 882 651 conveniet.

4 680 48 745 46
147 687 177 740 at
200 697 253 758 ego
277 681 308 738 in
331 679 388 739 hoc
407 679 511 739 ordine
535 697 623 739 curae
647 680 737 740 etiam
756 679 831 758 cycli
849 679 992 740 beneficia
1011 697 1073 739 non

32 788 44 827 e
59 767 240 848 aspernabor
259 770 357 828 omnia
374 785 469 846 paene
487 774 602 828 vetusta
624 769 693 827 vitia
711 770 908 849 percurantis,
927 771 955 828 si
971 774 1073 828 tamen

59 864 141 917 recto
166 856 270 916 ordine
293 862 459 936 peragatur,
482 864 515 917 ut
537 857 649 916 ieiunia
671 857 703 916 in
725 862 860 935 tempore
882 858 1010 916 vomitus
1035 873 1073 916 ex

58 944 218 1025 radicibus,
241 944 327 1005 salsis
351 944 508 1023 aliquando
531 945 695 1025 perceptis,
716 947 894 1025 paroptesis,
917 944 1076 1025 dropaces,

59 1035 213 1112 sinapismi
242 1033 405 1094 secundum
428 1052 516 1094 usum
544 1042 574 1093 et
603 1035 808 1093 auctoritatem
830 1040 966 1094 veterum
988 1033 1072 1093 adhi-

19 1139 45 1180 ro
57 1121 198 1202 beantur,
226 1122 363 1183 omnibus
386 1129 514 1182 attamen
538 1123 668 1200 propriis
694 1121 881 1200 temporibus
904 1122 1076 1201 custoditis,

58 1210 192 1271 ciborum
230 1229 347 1289 quoque
387 1209 579 1290 qualitatibus
616 1217 645 1270 et
681 1209 864 1288 ponderibus
900 1211 1073 1271 moderatis,

57 1298 141 1359 utilia
163 1306 264 1359 tamen
287 1317 353 1359 esse
377 1299 487 1359 suadeo
515 1301 606 1359 etiam
629 1317 772 1377 aquarum
800 1298 961 1359 calidarum
985 1306 1071 1359 natu-

56 1385 164 1446 ralium
186 1386 339 1447 beneficia.
384 1394 504 1465 peracto
533 1389 624 1465 igitur
652 1386 734 1465 cyclo
762 1386 854 1465 aliqui
881 1389 965 1447 ieran
988 1387 1072 1447 adhi-

57 1474 187 1534 buerunt
219 1493 307 1553 quam
335 1474 440 1535 Graeci
469 1477 574 1554 picran
606 1474 839 1556 appellaverunt,
869 1475 961 1554 aliqui
993 1483 1071 1536 arte-

18 1565 228 1643 1oriotomian,
252 1562 343 1641 aliqui
367 1565 456 1623 etiem
480 1571 629 1644 cauteres,
656 1571 690 1624 ut
713 1583 748 1624 ex
776 1564 823 1623 his
851 1563 989 1624 omnibus
1020 1564 1071 1624 ad-

56 1650 158 1710 hibitis
182 1652 350 1711 confortent
368 1652 604 1730 supradictarum
623 1671 779 1713 causamn
802 1654 958 1713 sanitatem
977 1653 1071 1713 luisse

55 1739 173 1818 plenam
197 1742 286 1820 capiti
308 1740 507 1821 reformatam,
529 1759 567 1801 ne
586 1743 734 1801 verinum
753 1759 891 1802 curarum
909 1741 956 1801 vel
979 1741 1072 1802 bene-

56 1829 192 1890 ficiorum
211 1831 317 1890 merita
336 1830 534 1915 confutentur.

127 1970 141 2017 1
162 1964 293 2036 sagapini
310 1966 382 2021 cBb.
479 1973 497 2028 3
514 1965 559 2020 dic
576 1965 677 2035 abique
694 1965 816 2020 cameris
834 1964 898 2019 cdd.
916 1981 932 2020 r
949 1965 1010 2032 (om.
1021 1963 1071 2033 Β),

54 2046 91 2094 ÷
105 2037 189 2117 (unct
209 2037 272 2092 add.
292 2037 317 2091 b.
425 2035 529 2090 iiiito
546 2036 582 2090 Β.
690 2035 743 2089 fico
762 2033 888 2089 comissis
907 2051 930 2104 r,
949 2035 1003 2089 ficii
1023 2040 1069 2088 oo-

54 2106 141 2179 miscp
159 2107 191 2161 b:
212 2106 252 2160 sio
272 2106 406 2161 comisoes
425 2107 453 2160 B
467 2108 511 2177 (cf.
534 2106 586 2162 ΤΒ.
605 2107 654 2163 Pr.
668 2111 696 2174 3,
713 2108 750 2175 6).
832 2108 861 2159 et
879 2103 966 2159 uteris
978 2147 983 2158 .
995 2105 1056 2160 ..Β
1062 2129 1069 2161 :

55 2179 84 2231 et
98 2177 204 2232 diutius
218 2177 286 2232 teris
296 2178 364 2248 (til).
381 2180 410 2232 et
424 2177 579 2247 emplastri
593 2179 647 2232 cat.
662 2182 781 2246 procura
794 2175 897 2246 capitis
911 2175 1028 2245 inpones
1044 2178 1069 2232 b.

55 2253 71 2300 3
90 2247 178 2318 capiti
196 2250 236 2305 B:
256 2248 349 2318 capite
371 2267 394 2305 r.
484 2247 639 2302 novaculae
657 2246 822 2302 inferiorum
839 2245 963 2317 partium
981 2246 1070 2301 femo-

54 2321 226 2376 rum...rB
237 2322 282 2388 (cf.
302 2337 389 2388 snpra
407 2321 444 2375 ad
458 2338 488 2401 p.
503 2323 565 2386 145,
580 2321 615 2388 9).
705 2323 723 2371 4
741 2320 770 2372 et
788 2317 961 2386 frequentius
981 2316 1070 2371 etiam

55 2392 104 2458 (sio
113 2392 150 2459 B,
166 2390 211 2443 cui
225 2391 312 2444 etiem
325 2391 500 2459 frequentius
513 2393 539 2459 r)
555 2408 575 2444 s.
591 2389 666 2459 appi
682 2388 830 2445 conveniet
842 2389 902 2445 rB:
921 2404 971 2444 om.
983 2390 998 2443 b
1008 2390 1070 2457 (abi

54 2463 147 2515 statim
164 2477 215 2530 seq.
254 2460 390 2515 Omnibus
409 2463 535 2515 attamen
552 2460 681 2531 proprius
703 2459 876 2529 temporibus
895 2465 942 2515 etc.
961 2461 1071 2529 (ordine

54 2531 184 2598 confuso).
258 2536 275 2583 4
293 2530 366 2600 cycli
380 2531 517 2585 beneficia
530 2535 575 2601 (sc.
590 2533 758 2601 anthedion:
777 2532 811 2598 of.
829 2530 899 2586 dael.
918 2531 973 2585 chr.
988 2535 1016 2598 1,
1028 2535 1069 2586 29

50 2618 80 2671 p.
96 2604 232 2656 ere—80.
333 2605 348 2652 6
367 2604 548 2671 percutentes
566 2603 616 2659 rB.
717 2607 733 2656 8
751 2600 894 2655 radicibus
913 2599 997 2654 salsis
1016 2599 1069 2655 ali-

55 2705 167 2775 quando
185 2706 328 2776 perceptio
346 2708 403 2762 rB:
422 2707 573 2762 radicibus.
593 2710 622 2762 et
638 2707 691 2762 oal'
711 2684 747 2777 ab
765 2709 865 2778 potata
883 2709 907 2763 b.
1008 2713 1024 2761 9
1044 2707 1070 2760 si

54 2776 228 2847 (secundum)
246 2779 311 2833 cdd.
329 2779 395 2848 r(ct
413 2780 441 2847 b,
464 2780 513 2834 ubi
531 2781 571 2835 sic
588 2779 647 2834 Hec
666 2779 761 2833 omnia
777 2794 912 2848 prospera
931 2781 960 2832 et
977 2777 1071 2832 mani-

53 2849 128 2903 festa
146 2850 219 2901 sunt.
243 2849 268 2902 si
291 2849 444 2904 secundum
462 2852 614 2920 usum...).
707 2856 741 2904 10
755 2850 884 2905 omnibus
902 2866 953 2905 ern.
972 2867 995 2904 r.

55 2925 88 2974 12
118 2922 289 2976 attamen-r.
410 2926 443 2974 13
471 2921 543 2975 irem
567 2921 611 2990 B,
639 2937 736 2991 geram
758 2939 785 2991 r,
813 2937 881 2989 yera
904 2922 927 2976 b.
1034 2925 1070 2974 14

53 2989 131 3062 greci
153 2989 264 3059 picran:
293 2992 380 3046 ceteri
402 2991 467 3061 pica
481 2995 541 3062 (sic)
559 2993 600 3060 B,
624 2992 711 3046 ceteri
730 2991 839 3062 pigram
862 3010 878 3047 r
901 2993 946 3061 (et
967 2993 1068 3060 postea

53 3073 118 3168 pigi
131 3099 164 3166 b).
252 3103 287 3152 14
305 3096 537 3153 artheriotomian
556 3100 619 3168 (-a'c
633 3100 658 3167 r)
672 3099 724 3167 rB,
744 3098 886 3154 ortheroto
904 3097 1024 3153 tomiam
1042 3100 1068 3153 b.

54 3174 87 3223 15
106 3170 139 3222 ut
157 3184 191 3221 ex
209 3186 237 3223 r:
256 3170 289 3223 ut
308 3171 332 3240 b,
351 3172 380 3224 et
397 3172 433 3225 Β.
532 3174 565 3222 16
584 3168 743 3223 confortent
761 3172 820 3239 (sic)
838 3171 874 3238 B,
894 3169 1034 3224 confortet
1051 3186 1067 3225 r

53 3240 229 3309 (confirmant
247 3242 280 3309 b).
415 3240 569 3295 sanitatem
586 3238 686 3294 fuisset
704 3240 789 3310 plena
807 3240 896 3310 capiti
914 3240 1070 3295 reformata

51 3311 194 3366 variarum
212 3313 616 3381 etc.(sie)r(leaeco.15-18
634 3312 673 3366 sic
691 3313 828 3367 contrabit
846 3314 874 3367 b:
894 3313 926 3365 nt
944 3311 988 3364 his
1008 3327 1066 3364 om-

51 3381 135 3437 nibus
155 3381 292 3436 adhibitis
315 3397 350 3435 ne
373 3381 572 3437 beneficiorum
594 3381 697 3436 merita
722 3382 937 3437 confundantur.
967 3382 1067 3436 confir-

50 3455 132 3508 mant
150 3453 252 3523 capitis
271 3452 441 3524 samtatem).
497 3458 530 3507 18
546 3452 725 3508 confutentur
737 3472 765 3509 r:
785 3454 1020 3509 confunderentur
1028 3453 1069 3520 B,

41 3527 192 3583 -returr
209 3525 429 3599 (confundantur
447 3526 481 3595 b).
