2288 3878
439 200 706 252 ADDITAMENTA.
1011 199 1076 264 339

62 357 161 412 ladani
180 372 212 417 -;-
235 356 260 424 I,
289 355 420 410 aironitri
437 370 473 414 ÷
487 356 539 425 VI,
564 356 658 410 omnia
680 356 751 410 trita
773 356 804 409 in
830 373 912 426 pesso
946 358 1075 414 subicies.

63 439 108 492 his
127 438 214 492 etiam
234 436 454 492 sternutationes
473 452 507 490 ex
526 436 591 489 albo
612 435 736 490 elleboro
761 436 882 491 struthio
901 440 930 491 et
949 442 1076 492 castoreo

62 519 255 588 procurandae
275 520 349 585 sunt,
368 519 400 570 nt
418 515 551 569 membris
573 515 701 570 omnibus
721 516 874 589 exagitatis
887 534 973 586 pecus
992 518 1076 572 facile

64 598 224 667 extorqueri
241 597 356 669 possit]

134 678 216 749 [item
228 679 309 731 rutae
324 694 421 730 sucum
433 679 499 745 post
512 674 647 730 balneum
660 676 750 745 bibat,
770 676 860 732 eiciet.
880 677 1074 732 item'murrae
1089 693 1102 732 5

63 756 224 812 artemisiae
242 756 336 812 violae
356 772 451 810 semen
469 771 560 823 aequa
575 771 706 810 mensura
720 774 784 810 cum
798 773 864 811 suco
883 760 995 811 mentae
1010 760 1075 826 post

61 837 195 892 balneum
222 836 313 906 bibat,
342 836 432 892 eiciet.
460 834 622 906 lupinorum
644 835 779 906 farinam,
807 836 900 891 violae
929 853 1024 891 semen
1046 839 1075 891 et

63 935 160 971 sucum
181 919 294 970 mentae
318 933 382 970 oum
409 914 570 970 artemisiae
594 915 757 970 decoctione
781 916 827 970 vel
851 915 987 970 dictamni
1009 919 1075 985 post

61 997 195 1051 balneum
209 996 299 1064 bibat,
319 995 424 1066 eiciet]
451 994 568 1065 panacis
587 994 724 1064 radicem,
747 1012 870 1065 murrae,
895 996 988 1064 aloae,
1009 996 1075 1049 eha-
1122 1010 1126 1016 ·

61 1077 223 1147 maedryos,
247 1093 310 1130 cum
330 1092 396 1129 suco
414 1077 527 1129 mentae
546 1077 611 1144 post
634 1073 768 1129 balneum
785 1074 877 1142 bibat,
904 1074 995 1129 eiciet.
1023 1093 1074 1144 pu·
1088 1090 1115 1127 ro

61 1155 111 1209 leii
129 1155 332 1225 manipulumI
351 1172 415 1209 cum
432 1154 524 1209 tribus
548 1154 595 1208 §Si
620 1170 710 1222 aquae
734 1170 822 1222 coque
847 1155 883 1207 ad
906 1154 1020 1222 tertias,
1046 1157 1075 1208 et

61 1236 92 1288 in
110 1235 213 1290 balneo
232 1236 337 1289 sudans
361 1235 456 1304 bibat,
480 1233 576 1288 eiciet:
602 1234 655 1287 hoc
676 1234 798 1287 secundo
822 1237 851 1287 et
872 1233 958 1288 tertio
977 1233 1073 1288 facies.

61 1314 145 1367 huius
171 1314 296 1384 potionis
324 1313 417 1369 facilis
451 1313 565 1368 effectus
596 1312 662 1381 erit,
692 1313 715 1366 si
743 1315 894 1382 conceptus
921 1330 1075 1382 numquam

62 1395 181 1446 duorum
199 1393 286 1447 fuerit
304 1393 450 1448 mensium.
480 1393 658 1461 argemoniae
677 1409 770 1446 ramos
790 1394 827 1447 ad
843 1392 967 1446 medium
985 1410 1073 1462 usque

63 1474 193 1525 decoctos
217 1474 247 1526 et
270 1487 415 1541 quousque
438 1471 546 1541 nigrior
570 1489 645 1540 aqua
668 1473 730 1541 fiat,
749 1472 844 1541 bibat,
868 1472 958 1527 eiciet.
989 1474 1114 1545 [arte-15

61 1550 162 1607 misiae
186 1567 268 1604 sucus
290 1549 338 1605 vel
368 1550 428 1604 eius
456 1550 549 1620 pulvis
575 1554 699 1621 potatus.
729 1552 769 1606 sic
792 1552 1004 1621 aristolochiae,
1034 1553 1074 1606 sic

61 1633 143 1683 rutae
163 1631 265 1701 sucus,]
285 1629 326 1683 sic
345 1629 440 1683 inulae
453 1629 547 1699 pulvis
567 1647 630 1684 cum
649 1648 723 1700 aqua
736 1635 860 1701 potatus.
880 1633 949 1686 item
963 1649 1073 1687 murrae

60 1723 96 1769 -ς-
110 1710 131 1778 I,
151 1708 289 1762 absinthii
304 1708 386 1778 ireos,
406 1710 576 1778 opopanacis
596 1727 651 1764 ana
664 1724 700 1770 ÷
713 1711 734 1779 I,
755 1712 857 1766 cummi
871 1724 905 1771 ÷
920 1712 954 1766 ΙΙ.
979 1711 1073 1765 omnia

61 1788 167 1843 detrita
194 1788 298 1843 misceo
328 1805 361 1843 ac
387 1788 522 1843 trociscos
549 1789 637 1858 facio,
666 1794 696 1843 et
722 1793 787 1859 post
818 1789 952 1844 balneum
981 1789 1072 1859 bibat,

60 1869 151 1924 eiciet.
181 1868 276 1923 ovium
294 1868 333 1923 fel
352 1868 383 1922 in
400 1867 546 1923 meliorato
564 1869 654 1924 bibat.
684 1869 753 1924 item
775 1886 886 1923 murrae
904 1869 978 1937 ÷1,
1004 1869 1071 1922 ficus
1087 1885 1113 1922 ao

59 1950 145 2018 XXX,
164 1949 281 2018 galbani
298 1963 334 2008 ÷
348 1949 369 2017 I,
389 1948 518 2003 afronitri
532 1961 568 2010 ÷
580 1950 627 2004 VI.
657 1949 751 2004 omnia
765 1949 854 2003 mixta
869 1952 897 2002 et
916 1966 979 2001 eum
992 1947 1072 2001 meli-

60 2032 138 2082 orato
152 2029 243 2097 bibas,
258 2027 406 2082 miraberis
439 2028 655 2102 [Coactietiam
669 2028 830 2101 <aliorum>
845 2027 951 2097 scripta
969 2027 1071 2081 transi·

62 2108 174 2162 vimus.
191 2152 196 2162 .
213 2111 281 2163 uid
308 2109 355 2163 Pr.
375 2126 395 2163 s.
410 2111 449 2172 27
467 2125 551 2178 usqae
569 2111 607 2164 od
625 2110 714 2177 licem.

132 2282 271 2337 istrucio
291 2286 314 2339 b.
419 2287 486 2338 3ut
504 2300 553 2340 om.
574 2287 596 2340 b.
688 2291 805 2339 bsucus
824 2287 847 2338 b.
868 2302 928 2338 carc
946 2301 1014 2353 seqq.
1035 2284 1068 2351 cf.

59 2356 147 2410 Prisc.
167 2372 186 2409 a.
201 2357 246 2409 25.
302 2360 362 2408 ta.
382 2372 431 2409 m.:
451 2357 544 2410 anab.
600 2355 1028 2410 ifanna...semen...sucus
1046 2357 1069 2408 b.

60 2487 75 2534 8
96 2477 236 2549 diptamni
255 2481 278 2535 b.
357 2483 372 2532 9
393 2480 553 2535 camedreos
573 2482 596 2535 b.
690 2431 766 2533 121⁰1
786 2482 814 2533 et
831 2429 870 2532 lii
889 2480 904 2534 b
925 2483 1071 2548 (utsupra

55 2590 165 2656 p338,
184 2589 224 2653 2).
316 2591 349 2639 13
368 2562 426 2654 ubil
446 2588 507 2655 (sio)
529 2588 552 2641 b.
645 2592 678 2639 14
697 2584 849 2639 acrimonie
868 2588 890 2640 b.
983 2591 1015 2639 15
1035 2586 1068 2653 ef.

40 2720 43 2725 ,
60 2659 147 2712 Prisc.
168 2674 188 2711 a
202 2660 246 2712 24.
308 2662 341 2710 19
360 2657 447 2710 misco
467 2659 490 2712 b.
546 2660 581 2710 20
595 2658 629 2725 cf.
650 2657 697 2711 Pr.
717 2674 737 2711 s,
752 2661 790 2712 26
804 2661 847 2724 (at
864 2660 972 2726 capra).
