2288 3878
87 143 178 198 XXVI

89 304 173 358 XXX.
189 303 230 358 De
246 300 364 357 diversis
378 301 497 356 vitiisin
511 318 565 356 ano
619 301 728 356 XXXV.
748 302 789 357 ΒΘ
807 301 917 372 pruritu
936 301 985 356 vel
1004 304 1098 358 scabie

126 373 315 429 nascentibus.
655 372 743 427 totius
763 372 894 442 corporis.

90 446 188 501 XXXI.
207 447 249 500 ΒΘ
268 444 398 526 syringia
619 443 742 498 XXXVI.
753 444 795 498 ΒΘ
808 443 927 497 maculis
941 444 1099 516 incorpore

90 516 201 572 XXXII.
220 517 262 571 ΒΘ
279 515 470 586 permouibus.
655 515 845 569 nascentibus.

89 587 214 643 XXXIII.
241 587 284 642 ΒΘ
311 586 437 656 ragadiis
463 586 567 656 pedum
619 585 755 640 XXXVII.
774 587 816 640 ΒΘ
835 585 1022 641 elefantiosis.

126 659 173 714 vel
192 659 353 729 digitorum.
620 657 769 712 XXXVIII.
788 657 830 711 ΒΘ
849 656 1056 713 luxatiouibus.

90 730 226 786 XXXIIII.
245 730 287 785 ΒΘ
305 726 493 799 paronychiis.

160 836 256 907 (XXX)
270 835 317 889 vel
331 833 454 903 siringiis
468 834 532 888 add.
542 833 578 887 Β.
633 833 741 902 (ΧΧΧΙ)
751 835 821 890 banc
830 851 879 889 orn.
890 834 926 887 B.
974 834 1099 906 (XXXII)

90 906 321 978 prognatiouibus
341 908 364 961 b.
454 903 602 975 (XXXVII)
625 903 800 959 elefantiacis
820 907 862 961 br.
935 905 1099 977 (XXXVIII)

89 980 136 1033 vel
154 976 338 1033 eiectionibus
358 976 540 1031 articulorum
557 976 621 1030 cdd.
641 978 684 1030 br.

403 1155 482 1222 libri
504 1154 640 1224 secundi
662 1154 784 1239 Logici.

156 1260 282 1332 (Partis
297 1261 321 1330 Ι)
336 1259 425 1332 [Oxea
440 1260 496 1330 bc].
622 1259 682 1329 (Vl)
701 1258 813 1313 XVIIII.
832 1258 873 1313 De
891 1258 1071 1329 paralyticis.

196 1331 340 1386 Praefatio
355 1330 465 1400 (epist).
622 1331 694 1399 (VII)
712 1329 770 1384 XX.
789 1330 831 1383 ΒΘ
850 1332 968 1384 catarro.
1138 1346 1140 1353 ·

91 1404 111 1458 I.
127 1404 168 1457 ΒΘ
179 1402 270 1456 acutis
280 1401 406 1455 febribus
420 1400 466 1456 vel
479 1399 568 1470 aegri·
622 1401 707 1471 (VIII)
726 1400 798 1453 XXI.
816 1400 859 1455 ΒΘ
875 1400 1017 1470 pthisicis.
1138 1440 1140 1459 .

129 1472 284 1528 tudinibus.
622 1472 720 1542 (VIIII)
756 1471 841 1524 XXII.
878 1472 919 1525 ΒΘ
952 1476 1102 1545 sanguinis

91 1545 125 1600 11.
144 1544 185 1597 ΒΘ
204 1541 350 1597 freniticis.
658 1542 807 1598 emissione
826 1541 1001 1599 interiorum.

90 1616 137 1671 III.
157 1615 199 1669 De
217 1613 389 1682 lethargicis.
621 1614 667 1684 (X)
685 1614 784 1668 XXIII.
803 1613 845 1668 ΒΘ
864 1613 1011 1682 empyicis.

90 1687 151 1741 IIII.
171 1685 213 1738 ΒΘ
230 1683 395 1754 pleuriticis.
621 1685 680 1756 (XI)
713 1685 823 1738 XXIIII.
856 1684 897 1738 ΒΘ
930 1689 1047 1754 syntaxi
1076 1693 1103 1746 et

90 1757 124 1812 X.
143 1758 186 1811 ΒΘ
203 1755 456 1826 peripleumonicis.
657 1757 764 1810 atrofia.

90 1829 137 1884 VI.
156 1829 198 1883 Dc
218 1828 403 1898 synanchi'cis.
622 1827 693 1897 (XII)
711 1826 795 1881 XXV.
819 1826 860 1880 De
884 1828 1033 1885 asmaticis
1058 1831 1103 1888 vel

91 1900 151 1956 VII.
170 1905 213 1954 De
232 1900 423 1970 apoplecticis.
658 1897 826 1967 suspiriosis.

91 1971 165 2028 VIII.
184 1972 226 2027 ΒΘ
244 1971 445 2042 hydrofobicis.
622 1967 709 2038 (XIII)
726 1968 823 2023 XXVI.
842 1969 884 2024 De
904 1970 1036 2041 epaticis.

91 2043 178 2099 VIIII.
197 2043 239 2097 De
258 2042 314 2097 ileo
333 2041 429 2096 colicis
449 2038 544 2094 strofo.
622 2038 722 2108 (XIIII)
739 2038 851 2095 XXVII.
870 2041 912 2095 ΒΘ
930 2041 1070 2102 ictericis.

91 2115 124 2170 X.
144 2115 185 2169 ΒΘ
205 2113 332 2184 spasmis.
622 2109 693 2179 (XV)
711 2109 835 2166 XXVIII.
854 2112 896 2166 ΒΘ
916 2112 1088 2182 spleniticis.

90 2186 136 2241 XI.
160 2186 202 2239 Dc
226 2183 359 2251 satyriasi
381 2181 427 2236 vel
449 2178 568 2249 impedi·
622 2180 708 2250 (XVI)
730 2181 869 2237 XXVIIII.
892 2183 933 2237 De
961 2187 1105 2246 stomachi

125 2258 221 2310 mento
240 2271 315 2308 usus.
657 2252 743 2306 variis
763 2253 965 2309 accidentibus.

90 2326 150 2380 XII.
179 2326 220 2379 ΒΘ
244 2323 382 2379 cardiacis
406 2321 455 2391 qui
482 2321 569 2376 otiam
622 2323 720 2394 (XVII)
738 2324 822 2379 XXX.
841 2325 883 2380 ΒΘ
902 2324 1063 2388 lumbricis.

128 2394 295 2450 diaforetici.
621 2395 657 2464 (X
745 2395 842 2450 XXXI.
857 2396 899 2450 De
914 2396 1105 2464 dysentericis

93 2467 166 2522 XIII.
184 2467 226 2520 De
245 2465 365 2520 cholera.
657 2466 703 2521 vel
736 2466 884 2521 'cntericis

91 2537 217 2608 (Partis
226 2534 494 2619 Il)[DeOronicisB,
504 2535 569 2590 Oro·
622 2537 734 2608 (XVIH)
747 2538 857 2592 XXXII.
871 2537 913 2592 ΒΘ
927 2538 1106 2614 hydropicis,

111 2608 161 2663 nia
172 2611 210 2677 be,
224 2607 303 2662 Iubri
312 2607 351 2660 ΠΙ
363 2608 397 2661 de
407 2606 526 2661 cronicis
532 2608 569 2679 r].
623 2609 695 2679 (XX)
709 2609 833 2664 XXXIII.
852 2609 894 2662 De
907 2625 1008 2665 renum
1023 2617 1107 2674 vitiis

92 2681 126 2750 (Ι)
145 2679 231 2735 XIIII.
250 2679 292 2733 De
312 2677 444 2747 querellis
459 2677 568 2748 capitis.
658 2680 705 2735 vel
723 2679 841 2734 vesicae.

157 2750 215 2805 XV.
235 2750 277 2804 De
296 2749 492 2819 epilempticis.
623 2751 706 2822 (XXI)
724 2749 861 2805 XXXIIII.
882 2750 924 2804 De
943 2754 1107 2816 arthriticig

142 2821 242 2890 >XVI
261 2821 303 2875 ΒΘ
324 2820 520 2876 scotomaticis.
657 2822 733 2892 poda
770 2820 819 2874 'cis
838 2820 1010 2880 ischiadicis.

92 2892 165 2962 (lIII)
182 2892 268 2948 XVII.
293 2892 334 2946 Dc
353 2892 551 2948 maenomcnis.
659 2894 670 2963 [
747 2891 779 2946 V.
794 2892 836 2946 ΒΘ
850 2892 1000 2948 mulierum
1013 2903 1107 2958 variis

95 2964 141 3033 (V)
158 2963 259 3018 XVIII.
282 2963 324 3018 ΒΘ
349 2963 568 3019 melancholicis.
693 2961 880 3032 passionibus.

163 3088 195 3158 (I)
214 3087 304 3141 acutis
324 3090 367 3143 br:
387 3105 436 3142 cm.
448 3090 506 3144 VB.
543 3087 589 3144 vel
607 3085 831 3157 aegritudinibus
849 3104 899 3142 om.
915 3090 938 3143 b.
1001 3091 1106 3169 (VIHJ)

90 3157 233 3228 i(y)leodis
257 3159 344 3227 V(B),
361 3158 456 3214 iliodis
475 3179 498 3229 r,
516 3160 601 3229 ylcon
618 3161 642 3214 b.
732 3157 793 3212 colo
813 3160 842 3212 et
860 3158 947 3213 strofo
966 3162 990 3215 b.

91 3229 164 3299 (XII)
179 3229 310 3284 dicuntur
328 3232 391 3286 odd.
412 3234 434 3286 b.
518 3231 602 3301 (XXI)
621 3231 650 3284 et
666 3227 739 3283 tussi
757 3231 820 3284 cdd.
836 3231 859 3284 b.
949 3230 1106 3310 <XXVHJI)

92 3300 127 3354 dc
146 3304 180 3356 st.
196 3299 316 3370 querelis
336 3303 359 3356 b.
414 3301 512 3372 (XIIII)
529 3317 612 3358 aecor
628 3317 758 3355 cemento
774 3301 873 3357 baberet
889 3319 923 3356 rc
938 3305 1007 3370 (oon
1025 3306 1105 3380 VB),

91 3373 181 3427 nullos
200 3374 223 3427 b.
269 3371 405 3443 (XXXIII)
423 3375 455 3428 ia
471 3375 507 3429 rb
525 3374 589 3429 cdd.
606 3370 671 3425 XXI
689 3370 731 3424 De
749 3371 866 3426 cauculo
886 3373 1065 3441 (advetcrato
1076 3383 1103 3449 b)

91 3449 117 3497 ct
134 3443 212 3497 XXII
230 3442 271 3498 De
290 3443 533 3498 condolomatibus
552 3450 599 3499 cic.
678 3440 799 3513 (XXXV)
818 3444 881 3499 cdd.
897 3444 961 3499 VB:
980 3461 1030 3500 om.
1046 3452 1104 3506 rte

93 3545 126 3554 -
140 3531 192 3586 seq.
210 3516 243 3570 ia
260 3517 323 3582 ΜΘ)
339 3513 387 3570 lib.
403 3515 450 3585 IV,
469 3517 517 3586 orci
533 3515 592 3570 cirre
608 3529 721 3569 mmccro
739 3515 770 3569 ia
787 3515 844 3570 Bb.

165 3744 318 3854 A
