2288 3878
68 123 135 176 vm
243 85 247 93 ’

70 293 187 369 spirans
211 309 279 351 curn
302 290 430 351 editione
450 291 588 369 secunda,
611 292 671 350 nisi
689 308 747 369 quo
771 291 835 350 eius
858 293 923 370 ipso
945 295 997 371 qui
1015 313 1081 355 eam

69 382 101 440 in
124 379 199 440 banc
223 381 348 440 lormam
371 380 485 459 redegit
509 378 633 440 consilio
656 398 735 439 nunc
758 378 866 440 delicit.

158 469 194 528 At
222 468 403 547 sigismundi
436 467 578 529 Gelenii
608 468 726 529 codices
753 467 861 547 quibus
891 471 922 530 in
950 469 1081 532 editione

69 576 143 617 usus
167 565 211 617 est
233 576 313 617 nunc
335 557 445 636 perditi
468 567 537 618 sunt
560 575 671 618 omnes.
700 559 752 635 qui
779 557 816 617 de
845 576 934 638 opere
963 578 1017 620 suo
1041 565 1083 623 ait

71 649 101 706 in
134 639 314 725 praefatione
346 646 444 727 „quod
472 665 508 707 ex
541 655 667 726 quatuor
695 646 913 725 exemplaribus
941 649 1000 708 iam
1032 650 1082 711 bie

71 739 128 795 iam
152 736 212 795 illic
236 735 357 816 mutiliS,
387 735 575 795 membratim
603 736 665 795 iere
694 753 749 794 cen
775 735 926 816 Hippolyti
948 737 1083 820 cadaver,

70 827 135 904 pari
154 844 224 884 cura
243 842 277 883 ac
296 823 395 884 labore
415 819 551 885 contuli‘.
580 826 690 884 et'veri
710 823 894 885 similesane
915 833 961 886 est
979 827 1082 905 plures

72 932 139 973 eum
163 906 207 996 (et
235 906 379 996 veltres)
409 913 547 974 babuisse
581 914 788 992 gynaeciorum
821 914 951 995 codices,
980 916 1082 995 quales

71 1002 191 1082 plurimi
207 1004 294 1062 etiam
313 1021 391 1062 nunc
406 1010 435 1062 et
449 1004 577 1082 separati
596 1002 740 1082 feruntur,
757 1003 854 1062 medio
874 1022 944 1063 aevo
964 1007 1082 1066 curiose

48 1150 51 1156 .
71 1092 194 1152 lectitati
213 1098 243 1152 et
260 1090 327 1169 plus
346 1090 470 1169 reliquis
489 1091 631 1153 duraturi.
651 1098 738 1171 atque
758 1102 910 1170 separatus
930 1094 973 1152 sic
992 1097 1083 1154 etiam

72 1187 151 1240 extat
169 1180 237 1240 libri
254 1180 378 1240 secundi
397 1199 465 1240 cum
482 1182 571 1240 tertio
591 1181 682 1240 codex
702 1198 779 1241 unus
794 1180 958 1242 Vaticanus.
983 1188 1084 1245 tamen

72 1287 168 1347 neque
188 1268 336 1347 duplicem
355 1268 494 1328 Gelenius
513 1268 639 1328 duorum
660 1269 804 1329 librorum
828 1269 960 1330 codicem
978 1271 1084 1334 babuit

72 1376 169 1435 neque
193 1359 348 1435 utriusque
372 1356 442 1416 libri
465 1355 629 1435 singulares
652 1365 769 1437 praesto
794 1358 920 1420 luerunt.
948 1360 978 1419 id
1004 1363 1083 1439 quod

73 1446 158 1506 facile
187 1444 375 1523 intellegitur.
404 1445 494 1506 multa
523 1447 602 1508 enim
624 1449 659 1506 in
686 1453 767 1507 textu
797 1454 826 1507 et
852 1450 942 1527 primi
975 1455 1005 1509 et
1038 1469 1084 1510 se-

73 1535 163 1595 cundi
191 1533 267 1613 apud
291 1551 359 1593 eum
387 1535 569 1616 exciderunt,
597 1554 723 1614 quorum
750 1537 893 1598 iacturam
920 1536 1001 1598 nullo
1026 1539 1084 1600 alio

15 1628 20 1641 ’
74 1623 177 1684 codice
198 1622 329 1683 adhibito
357 1627 540 1685 resarcinare
570 1627 681 1706 potuit,
709 1627 773 1704 ipsa
796 1633 894 1686 autem
919 1629 1012 1705 spatia
1035 1647 1084 1689 va-

73 1731 128 1773 cua
146 1720 176 1772 et
198 1713 229 1772 in
252 1715 348 1791 primo
372 1714 448 1774 libro
472 1723 501 1776 et
524 1717 554 1775 in
579 1714 708 1775 secundo
732 1714 768 1774 ad
792 1714 975 1794 aequabilem
993 1719 1085 1777 unius

73 1801 264 1882 eiusdemque
279 1802 342 1863 lolii
355 1822 526 1865 mensuram
544 1804 732 1883 respondent.
752 1805 861 1863 etenim
881 1806 907 1864 si
926 1805 1005 1883 quod
1020 1809 1084 1866 veri

74 1893 169 1953 simile
184 1911 249 1953 esse
268 1892 385 1954 videtur
403 1896 492 1954 unius
510 1893 574 1952 folii
592 1893 712 1953 luerunt
726 1911 760 1952 ea
774 1891 863 1953 verba
878 1912 952 1971 quae
971 1895 1002 1953 in
1022 1895 1083 1954 edi-

72 1984 162 2042 tionis
181 1981 357 2043 Gelenianae
381 1981 457 2042 libro
476 1980 489 2040 I
508 1999 523 2039 a
544 1999 596 2040 suo
617 1973 658 2063 (p.
674 1974 731 2064 26)
756 1980 877 2060 capituli
891 1981 927 2041 de
947 1981 1032 2042 oculo
1052 1985 1082 2043 iu

73 2071 201 2132 alienum
219 2071 317 2130 locum
335 2070 430 2131 delata
449 2069 588 2146 leguntur
606 2066 780 2151 par-39,
800 2090 874 2149 qnae
894 2071 1013 2149 quidem
1033 2089 1082 2132 ex-

72 2160 154 2238 plent
170 2177 273 2218 versus
288 2157 333 2217 ed.
348 2153 465 2218 Ge1.47
486 2155 531 2215 vel
551 2153 593 2217 35
612 2156 656 2217 ed.
671 2158 748 2239 Arg,
767 2159 825 2219 duo
840 2158 909 2220 lolia
925 2160 1084 2221 defuerunt
1115 2230 1119 2237 ¹

74 2241 184 2329 (media
200 2246 261 2306 scil.
281 2247 370 2323 primi
385 2239 602 2329 quaternionis)
617 2248 649 2305 in
668 2265 729 2325 cap.
741 2244 827 2310 3-6
842 2267 869 2327 p.
882 2245 921 2308 11
939 2242 1029 2333 (vers.
1040 2248 1082 2312 62

73 2336 118 2395 ed.
133 2328 225 2417 Arg),
240 2335 298 2394 duo
313 2336 421 2394 iterum
435 2353 462 2413 p.
477 2330 519 2397 48
535 2337 566 2394 in
581 2355 604 2395 c.
616 2333 745 2397 23-27
762 2331 852 2420 (vers.
868 2334 910 2399 65
930 2337 974 2399 ed.
990 2333 1083 2423 Arg),

73 2423 177 2490 eodem
197 2431 294 2483 autem
313 2422 399 2483 modo
419 2443 495 2484 unus
515 2427 629 2503 integer
648 2428 802 2502 quaternio
822 2426 915 2487 deluit
937 2425 1013 2486 libro
1039 2447 1083 2488 se-

73 2512 169 2573 cundo
184 2519 251 2591 post
269 2530 332 2591 pag
353 2510 394 2574 88
407 2505 495 2595 (vers.
511 2513 572 2573 Gel.
587 2509 652 2574 390
663 2540 705 2562 =
715 2532 739 2574 c.
752 2512 770 2576 8
782 2527 824 2579 ><
836 2509 911 2598 49),
923 2517 964 2576 ita
982 2524 1016 2577 ut
1035 2536 1082 2576 co-

73 2601 148 2662 dicis
168 2600 321 2661 Geleniani
340 2600 442 2661 lolium
462 2601 550 2681 duplo
569 2602 615 2662 vel
634 2602 727 2662 forma
750 2605 844 2664 maius
868 2603 913 2676 rel
937 2605 1084 2684 scriptura

73 2690 195 2752 densius
228 2690 441 2750 aestimandum
470 2694 508 2752 sit
531 2710 619 2770 quam
642 2691 781 2753 Vaticani.
809 2693 897 2753 huius
921 2695 1001 2753 enim
1025 2696 1084 2755 sin-

74 2779 140 2859 gula
160 2779 228 2839 solia
247 2779 308 2838 iere
335 2787 462 2857 aequant
479 2783 601 2859 paginas
620 2779 794 2841 Gelenianas
805 2774 958 2864 (versuum
968 2777 1033 2866 26).
1059 2786 1084 2843 si

73 2879 143 2929 vero
159 2887 233 2948 quae
252 2870 431 2947 transposita
449 2868 522 2947 legis
542 2863 708 2952 (p.37,13
731 2870 841 2951 „fronti
864 2870 981 2931 inlitum
1005 2873 1085 2933 iuvat

74 2991 116 3000 —
136 2957 217 3017 albos
237 2956 337 3016 oculos
356 2952 514 3033 procurat“
535 2977 562 3037 p.
574 2955 625 3039 39,
637 2953 703 3042 10),
720 2959 846 3020 duorum
861 2977 927 3020 esse
945 2960 1085 3022 foliorum

66 3045 168 3127 malis,
191 3044 323 3124 aequalia
345 3044 407 3104 fere
429 3047 585 3124 utriusque
614 3047 724 3108 codicis
748 3048 816 3109 lolia
840 3049 931 3110 luisse
955 3052 1084 3128 putanda

75 3143 144 3195 sunt
167 3133 355 3194 Geleniani
375 3125 431 3216 (=
446 3128 523 3216 Gel.)
547 3143 576 3195 et
594 3135 738 3217 Vaticani,
761 3156 821 3197 non
845 3144 943 3198 tamen
972 3139 1083 3207 eadem.

161 3224 279 3284 Etenim
298 3230 330 3283 ut
349 3241 423 3301 quae
448 3226 486 3283 sit
504 3226 578 3284 ratio
598 3233 696 3286 textus
716 3225 851 3287 codicum
865 3227 911 3300 B(
915 3227 1084 3303 V)rGel.(b)

74 3313 230 3374 manifesto
254 3313 387 3392 exemplo
410 3315 620 3397 perspiciatur,
642 3317 788 3376 maiorum
815 3315 986 3376 lacunarum
1010 3310 1085 3401 (non

53 3404 163 3482 ,primi
187 3400 305 3482 quidem
328 3399 398 3463 libri
421 3403 474 3463 sed
496 3403 548 3465 ubi
575 3404 688 3465 accedit
715 3405 804 3464 etiam
826 3398 867 3488 V)
891 3404 1014 3466 secundi
1041 3413 1084 3466 ta-

73 3491 173 3552 bulam
197 3490 356 3570 subiungo:

283 3801 338 3816 A
