2288 3878
74 155 139 218 286
407 152 752 205 renunc-rnsonom

74 311 220 379 miscebis,
244 316 273 366 et
296 311 384 366 uteris
402 310 609 366 medicamento
627 309 673 364 his
695 310 826 365 omnibus
846 311 1025 381 supradictis
1044 313 1097 368 snb

74 391 208 462 ligatura.
227 392 379 461 probatum
390 394 441 445 cst.
461 390 530 445 item
543 407 654 444 remum
666 388 800 444 diffusum
813 390 961 445 novellum
975 408 1097 461 quaeres

76 472 111 526 de
129 471 210 541 quali
228 471 351 527 volueris
370 470 449 540 ligno
463 474 493 524 et
505 469 596 524 findes
613 472 644 524 et
660 485 712 538 per
724 468 817 540 ipssm
829 470 964 525 fissuram
975 489 1096 542 puerum

75 552 241 606 transduces
264 551 314 620 qui
336 549 471 604 remicem
492 549 610 619 petitur.
638 552 738 619 postea
759 565 945 619 recompenso
971 554 1001 606 et
1023 551 1096 622 liges

49 647 193 687 tremum.
221 632 288 684 dum
306 629 431 700 eoeperit
448 646 542 683 remus
562 628 721 698 cohoerere,
739 644 810 699 puer
827 629 987 686 sonabitur.

149 711 178 766 si
203 710 305 764 mulier
327 709 451 764 vesicam
478 712 593 778 mptum
619 708 753 763 habuerit
778 708 850 763 vitio
878 709 1044 765 obstetricis
1067 715 1096 766 et

76 791 205 846 herniam
223 807 280 844 non
298 790 455 857 contineat,
475 787 655 858 argemoniae
678 788 845 842 fasciculum
857 788 884 857 1,
905 788 987 858 pulei
1009 789 1094 844 fesci·

76 872 183 939 culum,
209 872 329 938 nepetae
354 869 523 923 surculuml
545 868 576 922 in
599 867 660 922 vini
677 867 781 923 veteris
799 870 851 922 eut
869 868 945 941 aceti
965 868 1094 923 acerrilni

81 953 111 1004 §S
124 950 184 1004 1111.
208 949 312 1004 bulliat
330 967 361 1002 1n
383 949 441 1002 olla
460 965 548 1015 usque
567 948 605 1003 ed
623 947 751 1002 hemines
764 948 820 1017 ΠΙ,
844 948 934 1003 addes
958 948 1094 1018 pusillum

38 1029 145 1084 rosulis
164 1030 235 1098 triti,
254 1033 283 1083 et
301 1029 382 1098 potui
401 1028 491 1082 debis.
510 1028 580 1082 mire
600 1026 716 1082 sonesti.

90 1162 96 1173 ,
146 1126 213 1164 nem
228 1109 252 1163 si
265 1109 366 1164 mulier
381 1107 547 1178 sanguinem
556 1107 602 1161 vel
615 1107 797 1176 purulentum
809 1097 969 1185 meiererit,
983 1111 1093 1162 murtae

76 1189 243 1257 (surculos)
267 1189 304 1243 ed
331 1190 447 1257 quartas
476 1187 614 1256 decoques
638 1187 668 1241 in
691 1186 750 1241 olla
772 1203 847 1241 novs
869 1203 905 1242 ex
928 1204 1008 1256 nque
1024 1187 1092 1256 loto,

76 1271 106 1320 et
131 1268 231 1322 exinde
259 1267 375 1322 tertium
400 1269 511 1336 purtem
534 1266 615 1337 potui
641 1267 723 1321 dabis
750 1284 801 1336 per
827 1267 968 1337 triduum,
996 1268 1040 1323 ite
1061 1271 1093 1322 ut

75 1347 167 1415 prime
187 1347 233 1401 die
251 1347 325 1410 nihil
344 1347 423 1401 eliud
442 1347 532 1416 bibet,
552 1350 581 1401 et
598 1347 669 1402 mire
688 1347 797 1401 sonesti
815 1364 886 1403 eam.

38 1468 63 1505 15
77 1453 124 1506 Ao
137 1453 162 1519 I,
177 1457 214 1508 30
229 1457 289 1521 (81)
310 1453 349 1507 de
369 1453 433 1508 div.
452 1452 554 1507 vitiis
573 1453 608 1506 in
626 1469 688 1508 eno
707 1451 937 1508 nascentibus
958 1459 1034 1525 (port
1051 1455 1091 1509 in·

376 1532 470 1586 dicum
488 1532 710 1586 ammiscendum
727 1535 788 1603 est).

0 1615 5 1658 ἰ
24 1645 30 1658 .
66 1614 76 1679 )
152 1611 268 1665 Lentem
285 1613 462 1667 combustum
479 1612 552 1667 bene
569 1612 668 1667 tritam
687 1630 751 1667 cum
768 1611 852 1667 melle
865 1611 1016 1682 imponito,
1036 1631 1091 1668 om·

76 1698 126 1745 nes
141 1691 198 1744 eni
216 1695 365 1746 tumores
380 1695 415 1748 et
426 1691 581 1747 fervores
596 1695 686 1747 senat.
706 1692 744 1746 fel
758 1691 903 1746 taurinum
916 1697 1091 1762 perunctum,

77 1774 107 1826 et
125 1788 208 1841 super
226 1770 322 1826 lenem
336 1772 464 1827 sucidam
482 1789 517 1828 ex
531 1790 605 1842 eque
619 1772 724 1843 frigide
739 1771 860 1841 impone,
879 1776 1022 1844 expurgat
1039 1773 1091 1828 fer-

38 1866 64 1905 so
79 1869 160 1907 sores
180 1855 209 1906 et
227 1852 264 1906 ed
284 1852 436 1907 sanitatem
454 1852 591 1922 perducit.

77 1959 125 2014 Au
143 1960 172 2026 I,
192 1964 228 2015 30
249 1964 310 2029 (63)
340 1959 387 2013 De
415 1958 572 2028 regediis
595 1959 630 2012 in
652 1973 715 2012 uno
738 1957 965 2012 nascentibus
984 1959 1012 2028 (b
1031 1965 1092 2029 poet

482 2041 698 2108 consumentur).

16 2117 95 2189 ῙΧΠ)
149 2121 221 2175 Item
247 2120 343 2173 fimum
371 2118 448 2172 cunis
477 2116 573 2171 elbum
601 2116 701 2171 tritum
727 2120 757 2171 et
789 2116 944 2171 cribratum
972 2120 1002 2172 et
1030 2135 1092 2172 oum

77 2200 161 2255 melle
175 2200 312 2254 illinitum
325 2197 474 2267 ragadium
488 2199 576 2250 curat.
604 2196 744 2252 berbicini
759 2198 818 2253 sevi
831 2210 867 2256 -;-
880 2198 901 2267 Ι,
920 2196 1016 2251 mellis
1027 2211 1062 2259 -:-
1071 2198 1091 2267 Ι,

38 2294 64 2332 25
78 2281 153 2335 aceti
172 2279 301 2335 acerrimi
319 2278 381 2337 -:†-1
399 2277 429 2331 in
448 2294 534 2329 unum
553 2276 591 2329 ed
608 2277 709 2332 tertias
735 2278 874 2345 decoques
894 2279 922 2331 et
940 2275 1031 2331 linteo
1050 2276 1091 2329 in·

79 2360 195 2414 ductum
216 2359 278 2414 loco
302 2359 437 2427 impones.
468 2355 522 2409 hoo
545 2356 694 2424 ragadinm
717 2360 747 2412 et
768 2355 978 2412 haemorroides
1003 2359 1089 2410 curat.

77 2457 194 2508 passum
215 2439 272 2493 mel
296 2440 325 2492 et
347 2436 465 2490 lixivam
489 2451 580 2502 aeque
605 2451 737 2489 mensura
765 2435 853 2488 addes
876 2436 905 2488 et
932 2451 1092 2488 semsucum

78 2534 180 2586 coques
205 2517 295 2571 simul.
332 2518 432 2584 postea
455 2530 521 2568 vero
548 2531 612 2567 cum
634 2515 758 2584 tepuerit
790 2532 896 2569 sessum
926 2512 982 2566 sibi
1005 2513 1090 2568 levet.

77 2600 160 2651 tantu
178 2596 221 2650 vis
244 2599 288 2649 est
310 2593 436 2662 remedii,
464 2596 497 2646 ut
520 2593 618 2648 stetim
641 2597 719 2648 curet
738 2597 767 2648 et
793 2592 980 2649 exochadium
998 2593 1091 2648 latens

38 2690 64 2729 oo
77 2675 194 2731 incidat.
223 2674 269 2730 osi
289 2672 398 2728 decocti
417 2672 547 2728 vitellum
570 2676 600 2728 et
623 2691 751 2744 spumam
774 2673 886 2744 urgenti
904 2689 997 2740 aeque
1015 2690 1092 2728 men-

79 2774 143 2810 sure
162 2772 196 2810 ex
215 2754 277 2810 oleo
296 2770 376 2808 roseo
396 2753 479 2807 simul
499 2758 625 2823 contere,
650 2756 679 2808 et
696 2753 764 2807 lene
782 2753 941 2807 involutum
959 2753 1090 2807 subicito.

78 2837 156 2906 prius
171 2837 206 2891 de
220 2835 287 2890 lene
301 2832 466 2905 penicillum
479 2833 631 2889 intinctum
645 2850 678 2888 uc
692 2832 776 2886 melle
793 2849 954 2902 expressum
969 2832 1092 2901 deterge.

150 3031 164 3077 1
184 3013 270 3078 licie
288 3029 315 3079 ss
335 3025 359 3078 b.
449 2985 513 3096 {Jd’
535 3022 621 3091 est(e'.
632 3038 654 3077 e.
668 3022 739 3075 iuter
757 3019 908 3089 probatum
921 3019 963 3073 ccl
975 3018 1092 3100 prodest

77 3097 207 3165 incertus)
227 3096 250 3155 b.
279 3099 314 3165 of.
334 3095 438 3151 similia
455 3094 533 3163 apud
547 3094 636 3148 Marc.
648 3111 677 3162 p.
693 3095 755 3157 343,
769 3094 888 3145 26-32.
961 3094 977 3141 2
997 3106 1091 3157 queris

78 3174 124 3221 etc.
145 3169 168 3221 b.
224 3172 435 3235 lrecompones
454 3168 483 3218 et
501 3163 573 3233 liges
593 3165 615 3218 b.
681 3161 800 3216 'lotinlr
818 3162 841 3217 b.
899 3158 1053 3235 acrimonie
1067 3163 1091 3215 b.

79 3240 197 3307 Snepte
217 3240 240 3292 b.
313 3239 416 3293 vetit.
490 3234 632 3289 9emines
652 3237 676 3288 b.
759 3237 790 3286 11
811 3231 889 3285 mirti
906 3228 1016 3284 mescl'i
1033 3233 1037 3300 Ι
1054 3232 1090 3285 ed

78 3311 193 3378 quartas
213 3310 236 3364 b.
265 3312 299 3378 cf.
318 3311 412 3364 Dieuc.
428 3325 457 3376 p.
475 3310 535 3361 717.
596 3310 630 3359 14
648 3309 682 3358 eu
702 3306 725 3358 b.
790 3308 824 3358 24
840 3301 995 3358 berbioiuu.
1014 3303 1036 3356 Ι.
1056 3313 1091 3361 ÷

79 3383 244 3450 sevum(so'c)
264 3383 287 3435 b.
344 3385 377 3434 26
392 3377 565 3432 emorroides
579 3378 602 3438 b.
654 3380 687 3428 27
702 3373 797 3428 lexivu
811 3375 834 3428 b.
881 3391 937 3428 una
952 3375 1028 3440 (item
1041 3375 1089 3439 30)

79 3454 123 3521 (=
138 3469 199 3520 aeq.
218 3455 266 3521 m.)
285 3453 309 3507 b.
364 3455 398 3504 28
418 3465 524 3503 sessum
538 3447 658 3517 (trecop
679 3449 789 3499 secessu
804 3445 827 3499 b.
866 3451 900 3499 29
914 3445 1053 3500 latentem
1066 3446 1089 3498 b.

69 3531 104 3579 31
122 3527 153 3582 et
166 3523 261 3581 oleum
275 3529 330 3579 ros.
346 3523 369 3578 b.
421 3526 454 3574 32
468 3517 653 3590 pinnicellum
666 3519 691 3572 b.
749 3514 930 3576 incinerans:
944 3513 1055 3571 {tinctu
1065 3515 1088 3568 t.

534 3814 591 3830 ⁴
