2288 3878
83 168 149 235 392
271 166 548 221 mrmormrnu
565 166 672 219 snus
691 164 915 222 sncuunnm

83 335 212 415 plentur,
230 344 260 394 ct
278 334 314 394 ad
333 335 487 393 sanitatem
502 332 711 411 perducuntur.
736 348 885 394 cerussae
903 333 1035 415 lepidas,
1051 351 1107 394 cor·

85 426 159 484 tices
192 426 268 483 roris
305 424 410 482 marini
417 468 426 501 ,
464 438 597 499 spumam
627 421 745 498 argenti
777 423 894 499 aequis
929 423 1108 503 ponderibus

85 513 186 574 tundis
215 514 246 571 in
274 511 424 590 pulverem
448 509 619 588 delicatum,
649 516 679 568 et
706 526 744 568 ex
771 525 809 567 eo
835 509 971 588 pulvere
996 513 1109 574 vulnera

86 601 212 662 curabis.
237 603 324 660 etism
348 617 435 659 omne
459 616 567 676 corpus
590 595 774 676 perlricabis.
800 599 847 659 sic
872 618 976 663 sanus
999 590 1060 663 liet

34 686 98 752 168
175 690 222 749 Au
256 691 370 766 ignem
403 705 550 747 sacrum.
587 703 705 746 caseum
737 684 878 768 mollem,
920 691 1136 753 coriandrumt

87 787 166 838 teras
189 786 219 837 31
242 777 323 836 linas.
348 774 456 835 iterum
477 774 611 835 bitumen
630 775 780 835 iudaicum
799 783 831 836 et
849 785 982 840 acetum
1005 780 1109 841 bonum

88 863 724 943 133ιοη311313ι·13,31133333311333.
754 870 758 877 '
1038 939 1042 950 Ι

37 953 101 1017 169
180 955 214 1015 Si
244 955 323 1032 quis
352 953 620 1012 lraenro'rroides
647 954 772 1031 patitur,
807 955 1031 1021 uireasemora
1058 974 1109 1018 non

88 1045 254 1122 manducet,
276 1050 306 1102 et
328 1049 424 1101 cessat
446 1040 537 1100 dolor.

37 1129 101 1193 170
178 1131 270 1191 item.
304 1139 418 1190 stercus
451 1129 593 1190 bubulum
626 1128 720 1189 calido
753 1147 824 1188 cum
856 1141 950 1194 aceto
985 1138 1108 1196 mixtum
1118 1157 1134 1194 3

88 1221 172 1281 linas.
196 1229 226 1279 et
248 1228 328 1298 post,
352 1222 377 1279 si
401 1219 517 1298 laverit,
545 1222 653 1279 iterum
676 1217 759 1277 linas.
788 1225 819 1278 et
848 1236 947 1282 sanus
972 1224 1108 1285 efficitur.

37 1306 97 1369 171
178 1308 393 1368 Vulneribus
416 1309 589 1387 antiquis,
613 1306 721 1386 quihus
739 1324 826 1366 umor
845 1310 996 1373 assiduus
1022 1314 1108 1374 medi·

89 1399 216 1455 camerti
244 1398 375 1474 impositi
402 1395 557 1455 benefieiis
585 1396 693 1476 obstat,
721 1396 811 1455 iacies
839 1394 909 1458 hoc.
944 1419 1020 1463 cum
1041 1403 1106 1464 nlbo

89 1486 135 1543 ovi
168 1482 319 1562 pulverem
355 1485 464 1545 lactum
496 1484 589 1544 ulceri
627 1486 781 1564 imponito,
817 1502 919 1563 usque
953 1491 994 1551 ad
1030 1509 1106 1552 sana·

90 1574 210 1632 tionem.
1116 1597 1134 1639 rs

38 1659 100 1722 172
179 1661 226 1721 Ad
250 1660 488 1722 furunculum.
512 1662 642 1742 dactylos
665 1672 695 1722 et
718 1679 858 1740 saponem
881 1666 976 1747 teris,
1003 1677 1036 1730 et
1057 1688 1105 1749 pro

89 1749 296 1830 cataplasmate
320 1748 483 1831 calefacies,
506 1759 536 1810 31
560 1753 695 1831 imponis.
1104 1756 1107 1763 '

37 1836 101 1900 173
177 1839 224 1900 Ad
247 1839 396 1900 vulnera
419 1841 553 1919 pedum.
584 1840 736 1902 heracleae
759 1841 858 1917 carpis
881 1839 955 1904 lolia
982 1854 1105 1928 septem,

90 1931 167 1990 sicca
195 1931 268 1989 teris
296 1931 378 1988 etin
406 1947 473 1989 vase
500 1928 638 2008 plumbeo
666 1928 776 1991 condis.
810 1934 840 1987 et
870 1948 941 1991 cum
971 1937 1105 2015 coeperit

89 2035 174 2078 umor
202 2017 250 2077 ille
274 2019 385 2097 curari,
408 2017 559 2097 pulverem
580 2021 645 2079 eius
668 2021 698 2079 in
723 2016 892 2078 vulneribus
919 2026 1056 2106 spargis,
1078 2032 1133 2085 eto

89 2107 125 2166 atl
149 2125 276 2185 pennam
299 2106 396 2166 fricas.
420 2114 449 2166 et
472 2105 569 2166 salvus
593 2109 727 2168 efficitur.

37 2191 102 2257 174
178 2196 225 2255 Ad
244 2195 392 2255 vulnera
411 2195 536 2274 pedum
551 2197 625 2255 sive
644 2199 680 2256 in
696 2195 794 2256 tibia.
818 2194 944 2258 bulbum
958 2199 1103 2266 liliacium

89 2302 199 2363 coques
223 2303 258 2344 ex
288 2302 362 2363 aqua
389 2283 483 2343 donec
511 2283 600 2343 iaciat
623 2303 654 2344 se
683 2287 767 2363 quasi
790 2293 932 2346 cerotum.
958 2290 992 2350 in
1018 2293 1104 2354 ollam

89 2390 193 2432 novam
225 2373 317 2431 mittis
349 2370 529 2431 buribumet
558 2374 644 2451 teris,
678 2373 775 2433 oleum
807 2377 957 2436 rosacium
991 2381 1103 2443 adicies

89 2461 173 2538 quasi
197 2467 310 2537 ceroto,
333 2466 363 2518 31
385 2459 514 2538 inducis,
538 2467 568 2519 et
589 2462 675 2538 ponis
698 2461 733 2521 ad
762 2459 882 2522 vulnera
911 2473 1034 2530 stercus
1058 2482 1135 2532 ca-rr

88 2549 208 2627 prinum
232 2563 299 2607 cum
322 2548 407 2606 conio
431 2565 538 2606 arsum.
563 2566 630 2608 cum
652 2550 720 2608 vino
745 2551 917 2627 impositum
942 2574 1035 2633 quam
1060 2563 1103 2620 vis

90 2656 106 2696 a
129 2635 253 2695 medicis
276 2634 430 2712 desperata
453 2634 551 2695 ulcera
575 2643 719 2715 persanat.

28 2714 102 2791 '175
179 2723 226 2784 Au
251 2721 466 2784 solutionem
488 2725 732 2786 membrorum.
759 2725 817 2785 olei
839 2744 950 2805 pernae
975 2733 1103 2798 elixatao

90 2822 144 2931 1⁰rl,
168 2850 264 2930 adipis
286 2849 396 2909 taurini
419 2819 478 2931 pl,
502 2851 585 2929 ysopi
609 2853 672 2912 suci
696 2851 841 2930 scripulos
860 2850 928 2933 llll,
952 2858 1104 2923 medullae

90 2977 225 3036 cervinae
250 2974 394 3058 scripulos
412 2973 449 3035 Vl
468 2976 566 3056 semis,
590 2974 648 3037 olei
671 2979 785 3057 cyprini
804 2947 823 3055 {1
839 2976 860 3058 l,
884 2996 970 3040 cerae
995 2988 1104 3047 uncias
1117 3001 1141 3043 so

162 3117 308 3165 lcerosae
327 3110 436 3181 lepidos
457 3113 519 3180 (sic)
539 3111 574 3165 B.
634 3113 845 3168 booliandrum
863 3113 899 3166 B.
973 3121 1104 3175 semor-

90 3179 185 3234 suidas
206 3183 268 3250 (sic)
288 3184 324 3237 B.
401 3182 493 3237 uirens
513 3198 607 3237 amoro
624 3185 680 3238 non
699 3203 734 3240 m.
751 3187 813 3254 (313)
832 3185 867 3240 B.
887 3183 1002 3254 (viridia
1021 3206 1106 3248 mora

91 3253 141 3318 ed,
160 3253 207 3320 qui
225 3268 275 3308 om.
293 3269 350 3331 non
368 3255 553 3324 eoll.c.188).
639 3259 672 3310 18
691 3255 843 3311 Heracleae
862 3258 896 3325 (1)
915 3257 955 3311 ed.
977 3260 1106 3332 (propter

91 3323 183 3378 Dione.
199 3325 224 3389 4,
239 3325 283 3376 33.
302 3326 348 3379 sed
361 3327 396 3392 cf.
407 3331 433 3392 3,
448 3329 488 3380 26
505 3332 530 3380 et
547 3326 625 3392 infra
634 3342 664 3395 p.
679 3330 759 3395 412):
773 3326 905 3395 Herlioq„
916 3326 951 3381 B.
1000 3335 1035 3384 20
1050 3333 1104 3388 hu-

90 3392 319 3462 morille(oic)B;
361 3401 394 3449 12
404 3394 669 3464 uuicoiumnporr.
677 3397 1103 3474 ed.-ef.tameoDiose.2,200).

93 3472 128 3522 25
139 3467 245 3522 cercior
263 3467 360 3520 -tum
369 3466 405 3523 B.
459 3472 493 3520 ao
508 3471 542 3520 ou'r
556 3466 637 3521 conio
646 3466 674 3520 B
685 3470 746 3535 (om.
761 3471 823 3538 311).
873 3474 906 3524 29
921 3468 1054 3540 scripulis
1064 3476 1103 3533 B.

90 3543 128 3598 30
146 3535 275 3611 scripulis
293 3537 329 3593 B.
410 3535 500 3592 unciis
518 3537 555 3593 Β.
