2288 3878
437 152 720 204 Annffsnsrsra·
1001 149 1076 214 ’289

64 310 119 364 hoc
142 312 171 364 et
194 308 319 379 syringio
342 312 372 364 ct
395 309 524 365 omnibus
548 307 596 362 ani
614 307 706 376 vitiis,
730 307 804 361 sicut
829 308 1006 378 supradicta,
1035 309 1076 364 ita

64 389 204 457 medetur,
233 391 377 458 expertum
395 390 451 462 Jest.
480 389 549 442 item
567 386 687 442 asfodeli
710 387 819 441 radices
842 386 975 457 colliges,
994 389 1077 444 rades

64 472 94 524 et
112 471 253 537 quantum
268 485 382 524 necesse
401 471 444 523 est
462 467 566 536 ligabis
585 466 616 521 in
635 466 792 537 syringium
809 483 897 534 usque
919 471 1040 523 sanetur.

349 574 395 628 De
414 573 620 628 ischiadicis
639 572 797 642 (XXXIIII).

136 653 283 708 Brassioae
302 671 397 709 semen
410 654 510 709 tritum
524 671 588 708 cum
606 655 687 708 aceto
706 652 841 707 acerrimo
859 655 1006 721 tamquam
1018 670 1078 707 ma·
1105 669 1119 709 5

65 733 162 802 lagma
184 750 278 802 panno
305 733 452 788 inductum
475 733 505 787 in
527 733 590 788 loco
614 731 719 787 doloris
743 731 869 801 impone,
899 735 928 787 et
951 732 1009 786 alia
1032 733 1078 788 die

66 811 151 867 solve.
179 815 208 867 ct
225 812 394 868 batrachion
412 813 530 867 herbam
549 813 655 882 optime
673 815 787 867 tunsam
800 811 889 867 linteo
904 812 977 867 siout
990 812 1079 866 medi·

65 908 166 946 samen
184 891 332 947 inductum
353 892 504 962 imponito,
524 895 553 946 et
576 892 688 962 signato
711 908 747 946 ne
770 891 908 960 solvatur,
934 891 1079 960 usquead

66 971 154 1026 aliam
173 971 256 1041 diem,
276 975 306 1027 et
322 971 434 1027 lavabis
454 972 489 1026 de
507 972 573 1027 uino
591 972 690 1041 veteri,
710 975 739 1026 et
758 972 798 1026 sic
815 971 991 1040 relinquitur.
1013 971 1079 1026 vide
1114 1034 1119 1041 ‚

65 1067 101 1105 ue
125 1050 235 1119 aliquid
262 1051 457 1106 medicaminis
481 1068 530 1106 seu
553 1051 691 1121 unguenti
719 1051 864 1106 adhibeas.
893 1051 960 1105 hinc
988 1051 1078 1106 omnis
1093 1067 1120 1107 ιο

66 1147 146 1184 umor
166 1132 233 1185 dnm
253 1131 362 1200 exierit,
381 1131 451 1186 mire
470 1131 625 1186 sanabitur.

137 1209 191 1264 hoo
215 1210 285 1264 satis
308 1211 380 1265 bene
404 1213 551 1280 expertum
573 1213 623 1265 est.
652 1210 705 1264 hoc
728 1209 799 1264 facis
823 1209 869 1263 vel
891 1209 922 1263 in
948 1209 1079 1279 geniculo

66 1304 163 1342 umero
191 1288 288 1344 cubito
315 1289 362 1344 vel
388 1289 448 1343 talo
475 1290 525 1359 qui
552 1289 639 1344 nimio
664 1290 760 1345 dolore
785 1290 997 1345 contrahuntur.
1029 1289 1079 1343 ba·

65 1367 197 1423 trachion
215 1369 333 1423 herbam
352 1370 455 1424 tundes
474 1370 509 1424 de
527 1369 605 1439 ligno
624 1369 713 1439 iligno
733 1373 762 1425 et
780 1369 911 1439 implebis
930 1369 996 1424 inde
1015 1385 1080 1423 con-

65 1447 160 1502 culam
187 1447 221 1501 de
246 1464 331 1517 nuce,
354 1450 384 1502 ct
406 1464 493 1517 pones
519 1465 611 1519 super.
625 1448 717 1503 talum
734 1449 765 1503 in
787 1466 843 1517 quo
866 1448 928 1503 loco
952 1448 1030 1503 dolet
1049 1451 1078 1503 et
1093 1464 1120 1505 15

68 1525 212 1594 alligabis,
232 1525 338 1580 atalia
356 1526 402 1582 die
422 1527 521 1582 solves.
548 1531 648 1598 postea
668 1529 735 1582 dum
748 1529 819 1600 (se)
836 1528 931 1583 vesica
951 1529 1079 1596 erexerit,

68 1623 133 1660 cum
157 1604 238 1674 spina
260 1605 340 1673 quali
364 1605 485 1661 volueris
509 1607 626 1676 aperies.
654 1611 750 1663 tamen
773 1608 839 1663 vide
861 1625 897 1663 ne
921 1626 984 1663 cum
1006 1608 1080 1664 ferro

68 1689 179 1753 tangas.

140 1791 190 1846 Ad
209 1806 337 1845 omnem
355 1792 582 1847 membrorum
601 1794 751 1848 dolorem
768 1793 824 1848 vel
845 1792 1010 1866 quicquid

426 1871 578 1927 doluerit
595 1873 726 1942 (XXXV).
1096 1889 1123 1928 ao

139 1950 263 2005 Herbam
286 1950 435 2019 bryoniam
455 1951 587 2006 minutim
609 1953 748 2042 decoqups
766 1953 797 2006 in
819 1952 894 2021 oleo,
917 1954 1017 2021 postea
1036 1967 1081 2005 co·

67 2030 142 2086 labis
162 2034 191 2086 et
213 2030 344 2085 miscebis
364 2047 445 2086 cerae
468 2034 605 2101 quantum
627 2031 682 2085 tibi
704 2032 849 2087 videbitur
872 2034 1081 2100 etperungnes

68 2108 203 2179 dolorem,
222 2109 392 2166 remediasti.
418 2111 510 2180 adipis
525 2110 649 2165 anserini
662 2112 708 2166 vel
726 2111 842 2166 haedini
856 2123 892 2171 ÷
905 2112 927 2180 Ι,
945 2111 1081 2164 bacarum

69 2188 144 2242 lauri
171 2191 319 2244 tunsarum
336 2205 372 2251 ÷
385 2190 410 2258 I,
438 2189 515 2244 iunci
538 2191 666 2245 radicum
684 2203 719 2254 ÷
733 2193 758 2262 I,
787 2191 928 2246 medullae
951 2189 1081 2244 cervinae

69 2268 144 2336 ÷1,
168 2269 277 2324 resinae
299 2269 509 2324 terebinthinae
528 2272 602 2340 ÷1,
625 2289 740 2326 rasurae
762 2271 843 2326 naris
867 2271 992 2326 marinae
1010 2270 1124 2330 ÷1.a

67 2348 146 2402 facto
160 2351 263 2418 ceroto,
282 2349 306 2402 si
325 2351 529 2421 superunxeris‚
549 2351 664 2407 sanasti.
694 2350 818 2420 cupressi
832 2349 906 2420 pilas
920 2349 998 2403 XXX
1016 2365 1081 2402 con-

68 2432 148 2483 tusas
180 2428 331 2499 diligenter
363 2447 427 2484 cum
454 2428 509 2486 olei
538 2432 568 2486 §S
590 2431 630 2484 ΙΙΙ
658 2431 796 2500 decoquas
829 2447 912 2500 snper
944 2430 1079 2484 carbones

69 2509 175 2577 lentos,
194 2511 293 2579 postea
312 2509 587 2582 dum2higeraverit,
606 2526 656 2580 per
673 2509 823 2565 linteolum
841 2509 948 2565 celabis
968 2512 998 2564 et
1015 2508 1082 2562 mis-

143 2726 1084 2826 1mfflwaaffiaamffiumffla

69 2823 86 2871 4
106 2816 141 2870 de
161 2816 285 2870 sciatrcrs
300 2819 374 2872 rubr.
390 2819 406 2873 b
422 2821 470 2887 (eet
488 2821 589 2875 indicis
602 2836 661 2889 cap.
672 2819 821 2889 XXXIIII).
876 2817 1084 2874 'lbotraoionb

71 2890 147 2955 (itera
165 2889 244 2955 infra
261 2891 357 2956 c.13).
416 2889 456 2945 sic
474 2889 615 2945 medicam
633 2893 656 2947 b.
727 2891 855 2945 8solrat
873 2893 896 2946 b.
952 2888 1082 2943 9aliam:

70 2992 261 3061 alietate.
277 2997 356 3074 16).,
406 2993 487 3050 lavas
507 2998 530 3051 b.
603 2960 726 3066 creuit
745 2999 768 3054 b.
843 3001 876 3049 12
895 2981 921 3048 ΙΙ
940 2997 963 3049 b.
1037 3009 1085 3063 ge·

69 3068 156 3117 nuato
175 3064 198 3118 b.
255 3063 417 3134 141hgnu
436 3068 459 3120 b.
514 3067 587 3136 iples
607 3069 630 3124 b.
704 3074 738 3122 le
757 3066 859 3136 alligas
879 3067 902 3121 b.
959 3063 1044 3118 solvis
1061 3067 1084 3119 b.

70 3135 171 3189 addidi
189 3150 226 3188 se.
315 3139 348 3188 1⁷
367 3134 452 3203 quale
472 3139 494 3192 b.
568 3143 603 3191 20
621 3140 669 3194 boc
687 3146 726 3194 eet
743 3139 845 3193 radiae
863 3137 879 3192 b
898 3153 957 3205 cap.
972 3135 1084 3189 XXXV.

71 3209 104 3257 21
124 3204 266 3258 brioniam
284 3207 308 3260 b.
393 3205 504 3263 minuta
524 3210 547 3263 b.
628 3216 662 3263 22
681 3209 781 3263 misces
801 3209 823 3263 b.
906 3211 970 3260 cera
989 3208 1012 3261 b.

70 3291 188 3346 pungas.
207 3275 275 3329 hore
294 3278 318 3330 b.
392 3281 426 3330 23
445 3278 537 3348 Adipe
556 3280 687 3334 anserinir
705 3283 725 3334 i.
745 3277 831 3333 hedis
851 3280 874 3333 b.
961 3276 1047 3330 bacas
1066 3276 1084 3331 l.

70 3347 170 3400 tunsas
190 3348 212 3402 b.
286 3352 321 3400 24
338 3344 397 3401 rad’
414 3349 438 3404 b.
497 3349 622 3424 Medullp
640 3357 687 3407 eto.
706 3351 746 3406 aio
764 3352 788 3404 b.
841 3353 875 3403 26
894 3351 969 3402 resin
986 3347 1085 3401 taben-

49 3422 1086 3509 amsammauamm.amffiffla

73 3504 149 3558 colas
169 3506 193 3560 b.
266 3504 366 3560 misces
386 3508 409 3563 b.

126 3603 258 3645 Theodorus
271 3603 413 3654 Priscianus,
428 3604 464 3646 ed.
473 3606 552 3648 Boso.
893 3600 926 3649 19
