2288 3878
61 147 153 202 XVIII

66 313 189 374 sedhic
216 313 334 392 quidem
358 312 435 373 liber
456 313 614 372 maximam
637 318 750 390 partem
775 311 950 391 compilatus
975 323 1023 374 cst
1048 335 1072 376 er

64 404 189 481 integris
209 401 380 481 Cleopatrae
400 408 430 461 et
447 400 607 461 Muscionis
627 399 771 481 capitulis,
790 400 902 460 elsdem
922 397 983 461 illis
1007 421 1072 482 quat

64 510 101 551 ex
121 491 211 551 simili
232 490 333 552 codice
357 489 533 550 Harmoniae
558 488 771 568 Gynaeciorum
795 489 864 548 olim
888 492 1018 563 inseruit
1043 493 1072 552 lo

65 580 150 659 Casp.
174 579 331 660 Wolphius
356 578 516 657 Tigurinus
532 572 610 660 (Bas.
637 573 721 640 1566
745 597 772 657 p.
796 574 859 639 105
874 573 978 662 sqq.*)
1003 583 1072 641 eius

65 668 133 729 dem
160 668 229 729 libri
257 666 382 729 secundi
413 660 495 749 (post
522 665 745 745 appendiculam
774 666 853 726 illam
881 671 1072 730 recentiorerr

64 760 153 837 primi
181 750 264 840 libri)
299 754 455 834 dupliciter
489 757 583 834 spurii
613 763 750 834 excerpta
780 754 923 833 quaedam
951 759 1072 836 capitulo

66 846 175 906 olleudi
199 839 282 928 (cum
308 846 448 926 „genecia
476 842 612 904 theodori
639 839 799 922 prisciani“
828 845 846 904 1.
868 838 961 927 1771)
992 850 1072 907 etiau

65 937 96 995 ln
125 934 361 1012 Cantabrigiensi
389 932 453 994 coll.
478 933 506 993 S.
534 932 593 992 loh.
622 929 694 992 114
722 926 883 1014 3.11111(1.
906 927 1017 1018 1801),
1048 937 1072 996 dr

67 1042 126 1103 quc
141 1023 203 1083 dixi
218 1021 253 1083 ad
268 1021 449 1083 Muscionem
471 1022 576 1082 Sorani
591 1023 783 1099 interpretem
795 1015 854 1104 (ed.
871 1016 973 1105 1882)
989 1042 1018 1102 p.
1034 1024 1072 1085 111

60 1119 153 1191 atque
173 1131 209 1172 ex
229 1111 333 1172 eodem
353 1130 420 1171 cum
439 1111 543 1171 eodem
563 1112 647 1169 initio
667 1117 805 1188 excerpta
823 1113 993 1189 praeposita
1014 1132 1072 1174 sun

66 1201 229 1279 fragmento
258 1199 293 1260 dc
325 1201 473 1278 gynaeciis
501 1201 532 1258 in
560 1199 677 1278 Spuriis
707 1197 809 1259 Galeni
837 1197 1072 1264 3113311571

67 1281 159 1350 1951
180 1283 231 1373 (cl.
256 1288 319 1348 cod.
340 1288 422 1349 Cant.
446 1286 484 1347 ib.
509 1280 646 1370 11131).

154 1377 230 1437 Sunt
257 1384 286 1437 31
313 1376 363 1436 3111
394 1375 494 1454 plures
527 1374 742 1454 Gynaeciorum
773 1375 918 1435 Prisciani
952 1378 1072 1440 codices

65 1464 144 1524 velut
164 1483 252 1544 quem
270 1465 331 1524 vidi
350 1463 470 1543 quidem
485 1463 536 1524 sed
556 1482 616 1525 non
634 1463 693 1543 legi
711 1464 802 1524 Paris.
818 1461 904 1525 7029
916 1457 967 1547 (8⁰
982 1485 1005 1527 s.
1021 1467 1072 1528 XII

67 1553 120 1614 uhi
137 1553 237 1634 „incip
253 1552 380 1613 Genecia
399 1548 562 1612 Prisciani“
579 1547 857 1636 1591-681)313.
877 1572 913 1613 ex
926 1552 1072 1617 Prisciam

66 1645 155 1724 etiam
173 1641 319 1723 „capitula
339 1641 375 1702 de
394 1638 520 1702 iunicis“
541 1640 709 1702 abbreviata
733 1645 862 1720 pessime
886 1641 1025 1720 leguntur
1048 1648 1072 1703 ir

67 1731 129 1792 cod.
140 1730 351 1792 vindocinensi
364 1727 427 1793 175
438 1724 561 1814 (1971).
583 1730 741 1809 singularis
756 1738 854 1791 autem
867 1739 990 1810 propter
1003 1735 1072 1793 auti·

67 1822 210 1899 quitatem
230 1823 305 1881 ratic
325 1829 371 1881 est
390 1823 535 1900 epitomae
555 1820 709 1880 cuiusdam
723 1819 948 1897 Bambcrgensis
963 1819 985 1880 L
998 1819 1072 1885 1111

68 1904 106 1993 (s.
121 1903 171 1994 X),
191 1929 264 1990 quae
280 1909 440 1989 grandibus
455 1909 664 1986 utplurimum
679 1906 786 1966 litteris
801 1910 911 1987 scripta
927 1902 960 1991 (l.
977 1906 1072 1996 1—5]

66 2001 151 2060 initio
168 2001 287 2079 quidem
302 2016 406 2058 carens
420 1999 484 2056 veri
501 1996 647 2055 Prisciani
661 1995 787 2074 capittda
806 1996 927 2075 praebet
942 2016 959 2056 a
974 2008 1072 2077 quarto

66 2088 102 2148 ad
126 2088 273 2148 decimum
297 2093 327 2146 ct
349 2085 545 2153 ultimumex
568 2090 651 2143 textu
679 2084 805 2163 quodam
836 2088 978 2164 quicum
1002 2088 1072 2150 Vati

66 2195 138 2238 cano
168 2177 339 2236 convenerit
359 2167 408 2256 (cl.
433 2172 469 2232 ad
493 2170 551 2233 37
575 2173 830 2253 „supradictarum
854 2171 1037 2260 superius“).

156 2263 229 2324 Cum
251 2261 309 2322 tale
333 2264 424 2340 igitur
446 2268 618 2340 tantumque
645 2265 684 2323 sit
712 2265 743 2322 in
763 2265 974 2340 manuscriptis
999 2268 1072 2328 codi-

67 2351 151 2412 cibus
170 2349 361 2430 praesidium,
384 2369 452 2410 cum
470 2357 553 2410 vetus
576 2370 654 2411 uuus
677 2351 851 2430 particulam
868 2350 956 2410 modo
978 2359 1072 2433 operis

67 2442 215 2500 contiueat
238 2447 268 2500 et
290 2437 411 2499 mutilus
436 2446 466 2499 et
488 2447 655 2521 corruptus,
677 2442 786 2518 integri
807 2440 926 2518 quidem
946 2442 1007 2502 sint
1033 2464 1072 2506 re·

68 2538 168 2589 centes
179 2529 230 2589 sed
246 2536 296 2588 aut
310 2528 458 2588 emendati
472 2536 522 2588 aut
536 2528 713 2610 interpolati,
728 2548 794 2589 cum
805 2528 958 2589 Geleniani
972 2530 1072 2611 deper-

68 2617 122 2677 diti
145 2616 233 2677 dubia
253 2619 292 2676 sit
310 2615 396 2676 lectio
417 2625 446 2677 et
465 2617 680 2699 coniecturalis
705 2637 760 2678 nec
778 2617 903 2678 multum
923 2620 1072 2685 conferam

68 2725 142 2785 quae
157 2706 233 2785 apud
248 2705 339 2765 medii
353 2709 417 2766 aevi
432 2709 592 2784 scriptores
611 2715 749 2785 excerpta
768 2713 922 2767 servantur
943 2716 1072 2785 quanrvis

68 2794 160 2876 utilia,
178 2794 259 2855 vides
279 2813 367 2874 quam
385 2795 531 2855 lubricum
551 2797 590 2854 sit
608 2795 716 2855 edendi
734 2798 892 2876 negotium,
911 2798 942 2854 in
961 2800 1072 2862 medic(

68 2886 243 2963 praesertim
266 2885 410 2962 scriptore
433 2886 590 2944 mutationi
608 2903 696 2963 quam
716 2887 841 2944 maxime
861 2883 998 2945 obnoxio.
1024 2909 1073 2950 ner

69 2991 138 3032 sane
167 2971 346 3052 sperandum
374 2980 419 3032 est
447 2973 509 3032 lore
537 2981 570 3033 ut
597 2980 647 3033 aut
676 2975 745 3032 novi
774 2973 929 3051 aliquando
958 2976 1072 3039 codices

68 3070 256 3140 compareant
285 3068 334 3121 aut
361 3069 517 3141 resurgant
544 3064 595 3140 qui
618 3062 764 3141 deperditi
788 3064 859 3142 siut,
889 3061 968 3121 velut
992 3074 1072 3128 retur

37 3268 40 3273 -
157 3232 179 3301 ¹⁶)
212 3232 286 3287 inter
317 3231 448 3302 prologos
473 3231 609 3285 librorum
636 3248 705 3300 quos
739 3231 876 3302 excerpat
907 3235 1072 3300 praemissos

68 3302 218 3372 Wclphius
247 3303 333 3357 istum
360 3318 470 3370 quoquo
495 3303 582 3357 habet
609 3302 702 3372 „Utile
728 3303 856 3373 previdi“
874 3347 878 3357 .
894 3346 899 3357 .
917 3347 922 3358 .
937 3320 1001 3356 cum
1025 3308 1072 3363 hoc

69 3373 154 3428 titulo
165 3373 318 3443 „Prologus
328 3372 466 3428 Prisciani
480 3376 509 3428 31
523 3373 688 3444 Cleopatrae
703 3373 733 3427 in
746 3373 849 3428 librum
863 3372 922 3427 eius
936 3374 1072 3443 priorem‘

69 3445 147 3499 cuius
171 3443 238 3498 libri
261 3461 333 3513 quae
363 3443 444 3499 affert
466 3446 502 3514 (p.
519 3450 569 3500 105
580 3448 650 3515 sqq.)
674 3444 713 3499 sic
738 3461 847 3515 semper
869 3443 993 3498 citantur
1019 3451 1072 3517 „Ea

69 3515 154 3571 Prisc.
170 3518 199 3571 et
214 3515 307 3586 Cleop.
321 3515 439 3586 prioro“.
