<?xml version="1.0" encoding="UTF-8"?>
<!DOCTYPE html PUBLIC "-//W3C//DTD XHTML 1.0 Transitional//EN"
    "http://www.w3.org/TR/xhtml1/DTD/xhtml1-transitional.dtd">
<html xmlns="http://www.w3.org/1999/xhtml" xml:lang="en" lang="en">
 <head>
  <title>
</title>
<meta http-equiv="Content-Type" content="text/html;charset=utf-8" />
  <meta name='ocr-system' content='tesseract 3.04.00' />
  <meta name='ocr-capabilities' content='ocr_page ocr_carea ocr_par ocr_line ocrx_word'/>
</head>
<body>
  <div class='ocr_page' id='page_1' title='image "./theodoripriscia00rosegoog_0488.png"; bbox 0 0 2288 3878; ppageno 0'>
   <div class='ocr_carea' id='block_1_1' title="bbox 479 170 1083 235">
    <p class='ocr_par' dir='ltr' id='par_1_1' title="bbox 479 170 1083 235">
     <span class='ocr_line' id='line_1_1' title="bbox 479 170 1083 235; baseline -0.002 -9"><span class='ocrx_word' id='word_1_1' title='bbox 479 173 667 227; x_wconf 71' lang='lat' dir='ltr'>auulsum.</span> <span class='ocrx_word' id='word_1_2' title='bbox 1015 170 1083 235; x_wconf 84' lang='lat'>455</span> 
     </span>
    </p>
   </div>
   <div class='ocr_carea' id='block_1_2' title="bbox 64 328 1083 2580">
    <p class='ocr_par' dir='ltr' id='par_1_2' title="bbox 64 328 1083 2084">
     <span class='ocr_line' id='line_1_2' title="bbox 69 328 1081 403; baseline -0.003 -17"><span class='ocrx_word' id='word_1_3' title='bbox 69 331 388 403; x_wconf 85' lang='lat' dir='ltr'>ceptus[inspirante</span> <span class='ocrx_word' id='word_1_4' title='bbox 416 330 511 386; x_wconf 88' lang='lat' dir='ltr'>bilico.</span> <span class='ocrx_word' id='word_1_5' title='bbox 536 333 565 385; x_wconf 91' lang='lat' dir='ltr'>et</span> <span class='ocrx_word' id='word_1_6' title='bbox 587 330 658 385; x_wconf 87' lang='lat' dir='ltr'>facit</span> <span class='ocrx_word' id='word_1_7' title='bbox 680 346 733 384; x_wconf 91' lang='lat' dir='ltr'>res.</span> <span class='ocrx_word' id='word_1_8' title='bbox 762 328 793 382; x_wconf 89' lang='lat' dir='ltr'>in</span> <span class='ocrx_word' id='word_1_9' title='bbox 834 331 914 383; x_wconf 88' lang='lat' dir='ltr'>utero</span> <span class='ocrx_word' id='word_1_10' title='bbox 953 331 1081 384; x_wconf 88' lang='lat' dir='ltr'>materno</span> 
     </span>
     <span class='ocr_line' id='line_1_3' title="bbox 69 400 1083 472; baseline -0.002 -17"><span class='ocrx_word' id='word_1_11' title='bbox 69 403 132 458; x_wconf 83' lang='lat' dir='ltr'>deo</span> <span class='ocrx_word' id='word_1_12' title='bbox 156 401 287 472; x_wconf 85' lang='lat' dir='ltr'>accipit</span> <span class='ocrx_word' id='word_1_13' title='bbox 314 402 389 458; x_wconf 91' lang='lat' dir='ltr'>ani·</span> <span class='ocrx_word' id='word_1_14' title='bbox 415 401 447 455; x_wconf 91' lang='lat' dir='ltr'>in</span> <span class='ocrx_word' id='word_1_15' title='bbox 469 401 522 455; x_wconf 88' lang='lat' dir='ltr'>hoc</span> <span class='ocrx_word' id='word_1_16' title='bbox 551 403 595 455; x_wconf 89' lang='lat' dir='ltr'>est</span> <span class='ocrx_word' id='word_1_17' title='bbox 620 417 736 470; x_wconf 82' lang='lat' dir='ltr'>congre·</span> <span class='ocrx_word' id='word_1_18' title='bbox 763 402 951 469; x_wconf 86' lang='lat' dir='ltr'>congregatur</span> <span class='ocrx_word' id='word_1_19' title='bbox 973 400 1004 453; x_wconf 91' lang='lat' dir='ltr'>in</span> <span class='ocrx_word' id='word_1_20' title='bbox 1022 418 1083 454; x_wconf 92' lang='lat' dir='ltr'>um-</span> 
     </span>
     <span class='ocr_line' id='line_1_4' title="bbox 72 469 1082 545; baseline -0.001 -19"><span class='ocrx_word' id='word_1_21' title='bbox 72 474 175 545; x_wconf 89' lang='lat' dir='ltr'>mam.]</span> <span class='ocrx_word' id='word_1_22' title='bbox 200 473 260 528; x_wconf 92' lang='lat' dir='ltr'>IlII.</span> <span class='ocrx_word' id='word_1_23' title='bbox 293 490 389 528; x_wconf 88' lang='lat' dir='ltr'>mense</span> <span class='ocrx_word' id='word_1_24' title='bbox 416 471 495 542; x_wconf 77' lang='lat' dir='ltr'>gabio</span> <span class='ocrx_word' id='word_1_25' title='bbox 516 471 671 542; x_wconf 81' lang='lat' dir='ltr'>sanguinis.</span> <span class='ocrx_word' id='word_1_26' title='bbox 693 487 735 525; x_wconf 90' lang='lat' dir='ltr'>se·</span> <span class='ocrx_word' id='word_1_27' title='bbox 762 469 888 539; x_wconf 86' lang='lat' dir='ltr'>bilicum,</span> <span class='ocrx_word' id='word_1_28' title='bbox 911 469 943 524; x_wconf 89' lang='lat' dir='ltr'>in</span> <span class='ocrx_word' id='word_1_29' title='bbox 965 471 1019 525; x_wconf 91' lang='lat' dir='ltr'>hoc</span> <span class='ocrx_word' id='word_1_30' title='bbox 1039 474 1082 526; x_wconf 88' lang='lat' dir='ltr'>est</span> 
     </span>
     <span class='ocr_line' id='line_1_5' title="bbox 68 540 1082 615; baseline -0.002 -18"><span class='ocrx_word' id='word_1_31' title='bbox 68 543 190 614; x_wconf 50' lang='lat' dir='ltr'>‘ungulas</span> <span class='ocrx_word' id='word_1_32' title='bbox 223 544 328 615; x_wconf 87' lang='lat' dir='ltr'>accipit</span> <span class='ocrx_word' id='word_1_33' title='bbox 360 547 390 598; x_wconf 89' lang='lat' dir='ltr'>et</span> <span class='ocrx_word' id='word_1_34' title='bbox 416 542 508 597; x_wconf 91' lang='lat' dir='ltr'>cundo</span> <span class='ocrx_word' id='word_1_35' title='bbox 549 559 645 597; x_wconf 89' lang='lat' dir='ltr'>meuse</span> <span class='ocrx_word' id='word_1_36' title='bbox 689 559 735 596; x_wconf 84' lang='lat' dir='ltr'>ex·</span> <span class='ocrx_word' id='word_1_37' title='bbox 762 540 953 611; x_wconf 84' lang='lat' dir='ltr'>congregatio.</span> <span class='ocrx_word' id='word_1_38' title='bbox 984 557 1082 595; x_wconf 87' lang='lat' dir='ltr'>secun-</span> 
     </span>
     <span class='ocr_line' id='line_1_6' title="bbox 71 612 1082 685; baseline -0.001 -18"><span class='ocrx_word' id='word_1_39' title='bbox 71 617 177 669; x_wconf 87' lang='lat' dir='ltr'>motum</span> <span class='ocrx_word' id='word_1_40' title='bbox 209 615 314 685; x_wconf 86' lang='lat' dir='ltr'>accipit</span> <span class='ocrx_word' id='word_1_41' title='bbox 345 614 388 669; x_wconf 89' lang='lat' dir='ltr'>in·</span> <span class='ocrx_word' id='word_1_42' title='bbox 415 613 523 684; x_wconf 76' lang='lat' dir='ltr'>pressio</span> <span class='ocrx_word' id='word_1_43' title='bbox 538 613 662 683; x_wconf 86' lang='lat' dir='ltr'>corporis</span> <span class='ocrx_word' id='word_1_44' title='bbox 675 612 735 668; x_wconf 88' lang='lat' dir='ltr'>ani-</span> <span class='ocrx_word' id='word_1_45' title='bbox 763 613 913 666; x_wconf 84' lang='lat' dir='ltr'>demensa</span> <span class='ocrx_word' id='word_1_46' title='bbox 939 612 1082 682; x_wconf 80' lang='lat' dir='ltr'>expressio</span> 
     </span>
     <span class='ocr_line' id='line_1_7' title="bbox 66 682 1082 753; baseline -0.001 -16"><span class='ocrx_word' id='word_1_47' title='bbox 66 684 388 742; x_wconf 49' lang='lat' dir='ltr'>‘fanshabchHImen-</span> <span class='ocrx_word' id='word_1_48' title='bbox 415 701 492 739; x_wconf 90' lang='lat' dir='ltr'>mam</span> <span class='ocrx_word' id='word_1_49' title='bbox 512 684 621 740; x_wconf 77' lang='lat' dir='ltr'>tribuit.</span> <span class='ocrx_word' id='word_1_50' title='bbox 649 683 735 740; x_wconf 89' lang='lat' dir='ltr'>tertio</span> <span class='ocrx_word' id='word_1_51' title='bbox 762 686 806 737; x_wconf 89' lang='lat' dir='ltr'>est</span> <span class='ocrx_word' id='word_1_52' title='bbox 833 682 965 753; x_wconf 87' lang='lat' dir='ltr'>corporis.</span> <span class='ocrx_word' id='word_1_53' title='bbox 996 682 1082 737; x_wconf 88' lang='lat' dir='ltr'>tertio</span> 
     </span>
     <span class='ocr_line' id='line_1_8' title="bbox 67 753 1082 825; baseline -0.001 -16"><span class='ocrx_word' id='word_1_54' title='bbox 67 772 101 809; x_wconf 82' lang='lat' dir='ltr'>ae</span> <span class='ocrx_word' id='word_1_55' title='bbox 109 756 263 812; x_wconf 84' lang='lat' dir='ltr'>nausiatur.</span> <span class='ocrx_word' id='word_1_56' title='bbox 272 756 305 811; x_wconf 88' lang='lat' dir='ltr'>V.</span> <span class='ocrx_word' id='word_1_57' title='bbox 314 773 386 811; x_wconf 89' lang='lat' dir='ltr'>men.</span> <span class='ocrx_word' id='word_1_58' title='bbox 415 772 510 810; x_wconf 87' lang='lat' dir='ltr'>mense</span> <span class='ocrx_word' id='word_1_59' title='bbox 524 755 630 825; x_wconf 81' lang='lat' dir='ltr'>ungule</span> <span class='ocrx_word' id='word_1_60' title='bbox 649 757 735 824; x_wconf 86' lang='lat' dir='ltr'>atque</span> <span class='ocrx_word' id='word_1_61' title='bbox 761 770 865 823; x_wconf 87' lang='lat' dir='ltr'>mense,</span> <span class='ocrx_word' id='word_1_62' title='bbox 894 753 962 822; x_wconf 87' lang='lat' dir='ltr'>quia</span> <span class='ocrx_word' id='word_1_63' title='bbox 988 754 1082 823; x_wconf 85' lang='lat' dir='ltr'>priore</span> 
     </span>
     <span class='ocr_line' id='line_1_9' title="bbox 71 825 1082 896; baseline -0.001 -16"><span class='ocrx_word' id='word_1_64' title='bbox 71 843 100 880; x_wconf 88' lang='lat' dir='ltr'>se</span> <span class='ocrx_word' id='word_1_65' title='bbox 136 827 206 882; x_wconf 86' lang='lat' dir='ltr'>facit</span> <span class='ocrx_word' id='word_1_66' title='bbox 243 829 388 882; x_wconf 76' lang='lat' dir='ltr'>cataracta</span> <span class='ocrx_word' id='word_1_67' title='bbox 416 825 513 896; x_wconf 83' lang='lat' dir='ltr'>capilli</span> <span class='ocrx_word' id='word_1_68' title='bbox 531 829 692 881; x_wconf 86' lang='lat' dir='ltr'>nascuntur.</span> <span class='ocrx_word' id='word_1_69' title='bbox 706 828 736 881; x_wconf 88' lang='lat' dir='ltr'>et</span> <span class='ocrx_word' id='word_1_70' title='bbox 761 825 915 880; x_wconf 83' lang='lat' dir='ltr'>formatum</span> <span class='ocrx_word' id='word_1_71' title='bbox 947 828 991 879; x_wconf 90' lang='lat' dir='ltr'>est</span> <span class='ocrx_word' id='word_1_72' title='bbox 1022 842 1082 879; x_wconf 88' lang='lat' dir='ltr'>cor-</span> 
     </span>
     <span class='ocr_line' id='line_1_10' title="bbox 67 895 1082 967; baseline -0.002 -16"><span class='ocrx_word' id='word_1_73' title='bbox 67 897 116 951; x_wconf 90' lang='lat' dir='ltr'>cui</span> <span class='ocrx_word' id='word_1_74' title='bbox 130 897 230 953; x_wconf 91' lang='lat' dir='ltr'>similis</span> <span class='ocrx_word' id='word_1_75' title='bbox 246 897 301 952; x_wconf 86' lang='lat' dir='ltr'>erit</span> <span class='ocrx_word' id='word_1_76' title='bbox 311 897 388 967; x_wconf 84' lang='lat' dir='ltr'>patri</span> <span class='ocrx_word' id='word_1_77' title='bbox 415 900 524 951; x_wconf 90' lang='lat' dir='ltr'>motum</span> <span class='ocrx_word' id='word_1_78' title='bbox 541 896 613 951; x_wconf 84' lang='lat' dir='ltr'>facit</span> <span class='ocrx_word' id='word_1_79' title='bbox 630 896 733 952; x_wconf 86' lang='lat' dir='ltr'>infans.</span> <span class='ocrx_word' id='word_1_80' title='bbox 761 914 822 966; x_wconf 86' lang='lat' dir='ltr'>pus,</span> <span class='ocrx_word' id='word_1_81' title='bbox 838 895 865 951; x_wconf 88' lang='lat' dir='ltr'>ei</span> <span class='ocrx_word' id='word_1_82' title='bbox 872 895 1008 951; x_wconf 86' lang='lat' dir='ltr'>tribuitur</span> <span class='ocrx_word' id='word_1_83' title='bbox 1022 895 1082 949; x_wconf 91' lang='lat' dir='ltr'>ani-</span> 
     </span>
     <span class='ocr_line' id='line_1_11' title="bbox 66 967 1081 1036; baseline -0.002 -14"><span class='ocrx_word' id='word_1_84' title='bbox 66 970 121 1023; x_wconf 90' lang='lat' dir='ltr'>aut</span> <span class='ocrx_word' id='word_1_85' title='bbox 132 967 224 1024; x_wconf 89' lang='lat' dir='ltr'>matri.</span> <span class='ocrx_word' id='word_1_86' title='bbox 236 968 282 1023; x_wconf 92' lang='lat' dir='ltr'>Vl.</span> <span class='ocrx_word' id='word_1_87' title='bbox 292 985 388 1023; x_wconf 87' lang='lat' dir='ltr'>mense</span> <span class='ocrx_word' id='word_1_88' title='bbox 415 967 536 1036; x_wconf 88' lang='lat' dir='ltr'>ideoque</span> <span class='ocrx_word' id='word_1_89' title='bbox 546 968 734 1022; x_wconf 88' lang='lat' dir='ltr'>etIIIImense</span> <span class='ocrx_word' id='word_1_90' title='bbox 761 982 816 1022; x_wconf 89' lang='lat' dir='ltr'>ma.</span> <span class='ocrx_word' id='word_1_91' title='bbox 852 970 953 1036; x_wconf 88' lang='lat' dir='ltr'>quarto</span> <span class='ocrx_word' id='word_1_92' title='bbox 986 982 1081 1021; x_wconf 87' lang='lat' dir='ltr'>mense</span> 
     </span>
     <span class='ocr_line' id='line_1_12' title="bbox 67 1036 1082 1107; baseline 0 -15"><span class='ocrx_word' id='word_1_93' title='bbox 67 1039 269 1094; x_wconf 86' lang='lat' dir='ltr'>confirmantur</span> <span class='ocrx_word' id='word_1_94' title='bbox 299 1039 387 1094; x_wconf 86' lang='lat' dir='ltr'>nervi.</span> <span class='ocrx_word' id='word_1_95' title='bbox 414 1037 580 1093; x_wconf 89' lang='lat' dir='ltr'>mulieribus</span> <span class='ocrx_word' id='word_1_96' title='bbox 590 1037 735 1091; x_wconf 84' lang='lat' dir='ltr'>nausiaefi-</span> <span class='ocrx_word' id='word_1_97' title='bbox 761 1054 869 1107; x_wconf 83' lang='lat' dir='ltr'>ungues</span> <span class='ocrx_word' id='word_1_98' title='bbox 912 1036 1016 1107; x_wconf 89' lang='lat' dir='ltr'>accipit</span> <span class='ocrx_word' id='word_1_99' title='bbox 1053 1039 1082 1092; x_wconf 90' lang='lat' dir='ltr'>et</span> 
     </span>
     <span class='ocr_line' id='line_1_13' title="bbox 68 1107 1082 1178; baseline -0.001 -15"><span class='ocrx_word' id='word_1_100' title='bbox 68 1109 156 1163; x_wconf 71' lang='lat' dir='ltr'>VIIm⁰</span> <span class='ocrx_word' id='word_1_101' title='bbox 170 1126 266 1165; x_wconf 88' lang='lat' dir='ltr'>mense</span> <span class='ocrx_word' id='word_1_102' title='bbox 280 1109 388 1165; x_wconf 87' lang='lat' dir='ltr'>consoli</span> <span class='ocrx_word' id='word_1_103' title='bbox 415 1112 467 1163; x_wconf 90' lang='lat' dir='ltr'>unt</span> <span class='ocrx_word' id='word_1_104' title='bbox 485 1110 562 1178; x_wconf 85' lang='lat' dir='ltr'>quod</span> <span class='ocrx_word' id='word_1_105' title='bbox 575 1108 653 1178; x_wconf 81' lang='lat' dir='ltr'>greci</span> <span class='ocrx_word' id='word_1_106' title='bbox 667 1125 734 1163; x_wconf 92' lang='lat' dir='ltr'>ana-</span> <span class='ocrx_word' id='word_1_107' title='bbox 762 1107 880 1177; x_wconf 84' lang='lat' dir='ltr'>capillos</span> <span class='ocrx_word' id='word_1_108' title='bbox 891 1107 977 1177; x_wconf 88' lang='lat' dir='ltr'>ducit,</span> <span class='ocrx_word' id='word_1_109' title='bbox 986 1111 1082 1163; x_wconf 89' lang='lat' dir='ltr'>etmo-</span> 
     </span>
     <span class='ocr_line' id='line_1_14' title="bbox 67 1178 1081 1250; baseline 0.001 -18"><span class='ocrx_word' id='word_1_110' title='bbox 67 1180 388 1250; x_wconf 86' lang='lat' dir='ltr'>danturidestaequan-</span> <span class='ocrx_word' id='word_1_111' title='bbox 414 1179 734 1248; x_wconf 76' lang='lat' dir='ltr'>rarionvocant.quIntc</span> <span class='ocrx_word' id='word_1_112' title='bbox 761 1181 823 1233; x_wconf 87' lang='lat' dir='ltr'>tum</span> <span class='ocrx_word' id='word_1_113' title='bbox 845 1178 916 1233; x_wconf 87' lang='lat' dir='ltr'>facit</span> <span class='ocrx_word' id='word_1_114' title='bbox 937 1178 1032 1233; x_wconf 85' lang='lat' dir='ltr'>infans</span> <span class='ocrx_word' id='word_1_115' title='bbox 1050 1179 1081 1232; x_wconf 90' lang='lat' dir='ltr'>in</span> 
     </span>
     <span class='ocr_line' id='line_1_15' title="bbox 67 1249 1080 1307; baseline 0.001 -4"><span class='ocrx_word' id='word_1_116' title='bbox 67 1253 116 1303; x_wconf 87' lang='lat' dir='ltr'>tur</span> <span class='ocrx_word' id='word_1_117' title='bbox 150 1250 280 1306; x_wconf 90' lang='lat' dir='ltr'>medulle.</span> <span class='ocrx_word' id='word_1_118' title='bbox 314 1251 386 1307; x_wconf 91' lang='lat' dir='ltr'>VIII.</span> <span class='ocrx_word' id='word_1_119' title='bbox 415 1252 511 1305; x_wconf 87' lang='lat' dir='ltr'>autem</span> <span class='ocrx_word' id='word_1_120' title='bbox 533 1266 637 1304; x_wconf 89' lang='lat' dir='ltr'>mense.</span> <span class='ocrx_word' id='word_1_121' title='bbox 663 1249 735 1305; x_wconf 89' lang='lat' dir='ltr'>facit</span> <span class='ocrx_word' id='word_1_122' title='bbox 761 1252 842 1303; x_wconf 89' lang='lat' dir='ltr'>utero</span> <span class='ocrx_word' id='word_1_123' title='bbox 860 1252 995 1305; x_wconf 87' lang='lat' dir='ltr'>materno.</span> <span class='ocrx_word' id='word_1_124' title='bbox 1015 1251 1080 1305; x_wconf 89' lang='lat' dir='ltr'>ideo</span> 
     </span>
     <span class='ocr_line' id='line_1_16' title="bbox 68 1320 1080 1392; baseline 0.004 -20"><span class='ocrx_word' id='word_1_125' title='bbox 68 1336 164 1373; x_wconf 85' lang='lat' dir='ltr'>mense</span> <span class='ocrx_word' id='word_1_126' title='bbox 204 1320 388 1377; x_wconf 88' lang='lat' dir='ltr'>indurescunt</span> <span class='ocrx_word' id='word_1_127' title='bbox 415 1320 574 1377; x_wconf 84' lang='lat' dir='ltr'>caracteris.</span> <span class='ocrx_word' id='word_1_128' title='bbox 587 1320 678 1376; x_wconf 80' lang='lat' dir='ltr'>nodis,</span> <span class='ocrx_word' id='word_1_129' title='bbox 691 1323 733 1375; x_wconf 79' lang='lat' dir='ltr'>at</span> <span class='ocrx_word' id='word_1_130' title='bbox 762 1322 863 1388; x_wconf 90' lang='lat' dir='ltr'>quarto</span> <span class='ocrx_word' id='word_1_131' title='bbox 891 1337 986 1376; x_wconf 89' lang='lat' dir='ltr'>mense</span> <span class='ocrx_word' id='word_1_132' title='bbox 1017 1338 1080 1392; x_wconf 89' lang='lat' dir='ltr'>pre-</span> 
     </span>
     <span class='ocr_line' id='line_1_17' title="bbox 67 1389 1079 1460; baseline 0.006 -18"><span class='ocrx_word' id='word_1_133' title='bbox 67 1389 387 1446; x_wconf 81' lang='lat' dir='ltr'>essaVIIIImensema-</span> <span class='ocrx_word' id='word_1_134' title='bbox 415 1408 470 1460; x_wconf 87' lang='lat' dir='ltr'>que</span> <span class='ocrx_word' id='word_1_135' title='bbox 507 1391 649 1446; x_wconf 89' lang='lat' dir='ltr'>adulteria</span> <span class='ocrx_word' id='word_1_136' title='bbox 687 1391 734 1446; x_wconf 91' lang='lat' dir='ltr'>de·</span> <span class='ocrx_word' id='word_1_137' title='bbox 761 1393 881 1460; x_wconf 80' lang='lat' dir='ltr'>guantes</span> <span class='ocrx_word' id='word_1_138' title='bbox 917 1395 1079 1448; x_wconf 87' lang='lat' dir='ltr'>nascuntur.</span> 
     </span>
     <span class='ocr_line' id='line_1_18' title="bbox 67 1459 1081 1530; baseline 0.006 -18"><span class='ocrx_word' id='word_1_139' title='bbox 67 1461 180 1513; x_wconf 86' lang='lat' dir='ltr'>turatur</span> <span class='ocrx_word' id='word_1_140' title='bbox 197 1459 298 1517; x_wconf 85' lang='lat' dir='ltr'>infans.</span> <span class='ocrx_word' id='word_1_141' title='bbox 324 1462 387 1515; x_wconf 71' lang='lat' dir='ltr'>xmo</span> <span class='ocrx_word' id='word_1_142' title='bbox 413 1465 560 1517; x_wconf 89' lang='lat' dir='ltr'>monstrat.</span> <span class='ocrx_word' id='word_1_143' title='bbox 568 1464 648 1516; x_wconf 87' lang='lat' dir='ltr'>sexto</span> <span class='ocrx_word' id='word_1_144' title='bbox 656 1479 734 1517; x_wconf 89' lang='lat' dir='ltr'>men·</span> <span class='ocrx_word' id='word_1_145' title='bbox 761 1461 860 1530; x_wconf 88' lang='lat' dir='ltr'>quinto</span> <span class='ocrx_word' id='word_1_146' title='bbox 888 1480 983 1518; x_wconf 86' lang='lat' dir='ltr'>mense</span> <span class='ocrx_word' id='word_1_147' title='bbox 1011 1463 1081 1518; x_wconf 84' lang='lat' dir='ltr'>facit</span> 
     </span>
     <span class='ocr_line' id='line_1_19' title="bbox 67 1529 1080 1604; baseline 0.007 -22"><span class='ocrx_word' id='word_1_148' title='bbox 67 1529 115 1601; x_wconf 68' lang='lat' dir='ltr'>die</span> <span class='ocrx_word' id='word_1_149' title='bbox 142 1530 247 1585; x_wconf 89' lang='lat' dir='ltr'>mensis</span> <span class='ocrx_word' id='word_1_150' title='bbox 275 1532 385 1588; x_wconf 86' lang='lat' dir='ltr'>decimi.</span> <span class='ocrx_word' id='word_1_151' title='bbox 415 1549 453 1587; x_wconf 87' lang='lat' dir='ltr'>se.</span> <span class='ocrx_word' id='word_1_152' title='bbox 485 1532 555 1588; x_wconf 87' lang='lat' dir='ltr'>facit</span> <span class='ocrx_word' id='word_1_153' title='bbox 584 1549 735 1588; x_wconf 84' lang='lat' dir='ltr'>nervorum</span> <span class='ocrx_word' id='word_1_154' title='bbox 761 1536 932 1589; x_wconf 86' lang='lat' dir='ltr'>caracterem</span> <span class='ocrx_word' id='word_1_155' title='bbox 990 1534 1080 1604; x_wconf 87' lang='lat' dir='ltr'>patris</span> 
     </span>
     <span class='ocr_line' id='line_1_20' title="bbox 67 1599 1081 1675; baseline 0.006 -22"><span class='ocrx_word' id='word_1_156' title='bbox 67 1599 225 1670; x_wconf 85' lang='lat' dir='ltr'>legittimus</span> <span class='ocrx_word' id='word_1_157' title='bbox 261 1603 388 1659; x_wconf 88' lang='lat' dir='ltr'>nascitur</span> <span class='ocrx_word' id='word_1_158' title='bbox 414 1603 734 1673; x_wconf 84' lang='lat' dir='ltr'>consumationemsep-</span> <span class='ocrx_word' id='word_1_159' title='bbox 761 1603 821 1658; x_wconf 91' lang='lat' dir='ltr'>eius</span> <span class='ocrx_word' id='word_1_160' title='bbox 840 1605 1012 1675; x_wconf 82' lang='lat' dir='ltr'>autmatris‚</span> <span class='ocrx_word' id='word_1_161' title='bbox 1030 1607 1081 1660; x_wconf 87' lang='lat' dir='ltr'>aut</span> 
     </span>
     <span class='ocr_line' id='line_1_21' title="bbox 66 1671 1081 1742; baseline 0.005 -18"><span class='ocrx_word' id='word_1_162' title='bbox 66 1671 158 1726; x_wconf 91' lang='lat' dir='ltr'>homo.</span> <span class='ocrx_word' id='word_1_163' title='bbox 186 1674 215 1726; x_wconf 85' lang='lat' dir='ltr'>et</span> <span class='ocrx_word' id='word_1_164' title='bbox 242 1677 387 1742; x_wconf 87' lang='lat' dir='ltr'>peractam</span> <span class='ocrx_word' id='word_1_165' title='bbox 414 1673 467 1728; x_wconf 91' lang='lat' dir='ltr'>tim</span> <span class='ocrx_word' id='word_1_166' title='bbox 476 1674 734 1728; x_wconf 88' lang='lat' dir='ltr'>mensemedullam</span> <span class='ocrx_word' id='word_1_167' title='bbox 761 1674 932 1730; x_wconf 84' lang='lat' dir='ltr'>adulterium</span> <span class='ocrx_word' id='word_1_168' title='bbox 967 1676 1081 1731; x_wconf 86' lang='lat' dir='ltr'>demon-</span> 
     </span>
     <span class='ocr_line' id='line_1_22' title="bbox 65 1743 1079 1817; baseline 0.003 -20"><span class='ocrx_word' id='word_1_169' title='bbox 65 1743 386 1817; x_wconf 87' lang='lat' dir='ltr'>naturamordine[dei]</span> <span class='ocrx_word' id='word_1_170' title='bbox 414 1744 568 1800; x_wconf 86' lang='lat' dir='ltr'>confirmat.</span> <span class='ocrx_word' id='word_1_171' title='bbox 620 1745 731 1800; x_wconf 87' lang='lat' dir='ltr'>cctabc.</span> <span class='ocrx_word' id='word_1_172' title='bbox 761 1747 840 1800; x_wconf 86' lang='lat' dir='ltr'>strat.</span> <span class='ocrx_word' id='word_1_173' title='bbox 874 1748 953 1801; x_wconf 83' lang='lat' dir='ltr'>sexto</span> <span class='ocrx_word' id='word_1_174' title='bbox 983 1761 1079 1800; x_wconf 90' lang='lat' dir='ltr'>mense</span> 
     </span>
     <span class='ocr_line' id='line_1_23' title="bbox 66 1813 1080 1884; baseline 0.002 -16"><span class='ocrx_word' id='word_1_175' title='bbox 66 1813 203 1869; x_wconf 87' lang='lat' dir='ltr'>beneficio</span> <span class='ocrx_word' id='word_1_176' title='bbox 222 1831 240 1868; x_wconf 89' lang='lat' dir='ltr'>a</span> <span class='ocrx_word' id='word_1_177' title='bbox 262 1816 386 1870; x_wconf 86' lang='lat' dir='ltr'>tenebris</span> <span class='ocrx_word' id='word_1_178' title='bbox 414 1832 478 1869; x_wconf 92' lang='lat' dir='ltr'>cum</span> <span class='ocrx_word' id='word_1_179' title='bbox 504 1814 637 1884; x_wconf 87' lang='lat' dir='ltr'>periculis</span> <span class='ocrx_word' id='word_1_180' title='bbox 668 1832 733 1870; x_wconf 86' lang='lat' dir='ltr'>ossa</span> <span class='ocrx_word' id='word_1_181' title='bbox 760 1815 1080 1871; x_wconf 83' lang='lat' dir='ltr'>adicitnervcrumccn-</span> 
     </span>
     <span class='ocr_line' id='line_1_24' title="bbox 66 1884 1080 1957; baseline 0.004 -20"><span class='ocrx_word' id='word_1_182' title='bbox 66 1884 97 1938; x_wconf 91' lang='lat' dir='ltr'>in</span> <span class='ocrx_word' id='word_1_183' title='bbox 115 1885 178 1953; x_wconf 67' lang='lat' dir='ltr'>luce</span> <span class='ocrx_word' id='word_1_184' title='bbox 197 1902 283 1953; x_wconf 89' lang='lat' dir='ltr'>quam</span> <span class='ocrx_word' id='word_1_185' title='bbox 296 1886 386 1941; x_wconf 82' lang='lat' dir='ltr'>volvi-</span> <span class='ocrx_word' id='word_1_186' title='bbox 413 1886 568 1941; x_wconf 87' lang='lat' dir='ltr'>confirmat.</span> <span class='ocrx_word' id='word_1_187' title='bbox 582 1902 732 1942; x_wconf 85' lang='lat' dir='ltr'>uonovero</span> <span class='ocrx_word' id='word_1_188' title='bbox 759 1885 955 1941; x_wconf 87' lang='lat' dir='ltr'>firmationem.</span> <span class='ocrx_word' id='word_1_189' title='bbox 993 1887 1080 1957; x_wconf 83' lang='lat' dir='ltr'>septi-</span> 
     </span>
     <span class='ocr_line' id='line_1_25' title="bbox 64 1955 1079 2012; baseline 0.004 -4"><span class='ocrx_word' id='word_1_190' title='bbox 64 1958 113 2008; x_wconf 84' lang='lat' dir='ltr'>tur</span> <span class='ocrx_word' id='word_1_191' title='bbox 130 1955 232 2012; x_wconf 88' lang='lat' dir='ltr'>infans.</span> <span class='ocrx_word' id='word_1_192' title='bbox 412 1972 509 2011; x_wconf 90' lang='lat' dir='ltr'>mense</span> <span class='ocrx_word' id='word_1_193' title='bbox 522 1958 665 2011; x_wconf 90' lang='lat' dir='ltr'>maturum</span> <span class='ocrx_word' id='word_1_194' title='bbox 673 1973 733 2011; x_wconf 90' lang='lat' dir='ltr'>mo·</span> <span class='ocrx_word' id='word_1_195' title='bbox 759 1973 806 2010; x_wconf 88' lang='lat' dir='ltr'>mo</span> <span class='ocrx_word' id='word_1_196' title='bbox 832 1973 929 2012; x_wconf 85' lang='lat' dir='ltr'>mense</span> <span class='ocrx_word' id='word_1_197' title='bbox 952 1958 1079 2012; x_wconf 89' lang='lat' dir='ltr'>medulla</span> 
     </span>
     <span class='ocr_line' id='line_1_26' title="bbox 413 2026 1078 2084; baseline 0.005 -3"><span class='ocrx_word' id='word_1_198' title='bbox 413 2029 461 2082; x_wconf 86' lang='lat' dir='ltr'>vet</span> <span class='ocrx_word' id='word_1_199' title='bbox 478 2026 626 2082; x_wconf 89' lang='lat' dir='ltr'>infantem.</span> <span class='ocrx_word' id='word_1_200' title='bbox 760 2027 961 2084; x_wconf 77' lang='lat' dir='ltr'>consolidatur.</span> <span class='ocrx_word' id='word_1_201' title='bbox 978 2031 1078 2084; x_wconf 83' lang='lat' dir='ltr'>octavo</span> 
     </span>
    </p>

    <p class='ocr_par' dir='ltr' id='par_1_3' title="bbox 759 2099 1078 2155">
     <span class='ocr_line' id='line_1_27' title="bbox 759 2099 1078 2155; baseline 0.013 -5"><span class='ocrx_word' id='word_1_202' title='bbox 759 2099 1078 2155; x_wconf 86' lang='lat' dir='ltr'>menseossadurentur.</span> 
     </span>
    </p>

    <p class='ocr_par' dir='ltr' id='par_1_4' title="bbox 759 2173 1080 2224">
     <span class='ocr_line' id='line_1_28' title="bbox 759 2173 1080 2224; baseline 0.009 -3"><span class='ocrx_word' id='word_1_203' title='bbox 759 2184 833 2222; x_wconf 87' lang='lat' dir='ltr'><strong>nono</strong></span> <span class='ocrx_word' id='word_1_204' title='bbox 860 2185 956 2224; x_wconf 85' lang='lat' dir='ltr'>mense</span> <span class='ocrx_word' id='word_1_205' title='bbox 987 2173 1080 2224; x_wconf 89' lang='lat' dir='ltr'>matu-</span> 
     </span>
    </p>

    <p class='ocr_par' dir='ltr' id='par_1_5' title="bbox 758 2240 1078 2295">
     <span class='ocr_line' id='line_1_29' title="bbox 758 2240 1078 2295; baseline 0.009 -3"><span class='ocrx_word' id='word_1_206' title='bbox 758 2241 853 2293; x_wconf 88' lang='lat' dir='ltr'>ratum</span> <span class='ocrx_word' id='word_1_207' title='bbox 870 2242 966 2295; x_wconf 81' lang='lat' dir='ltr'>movet</span> <span class='ocrx_word' id='word_1_208' title='bbox 986 2240 1078 2295; x_wconf 80' lang='lat' dir='ltr'>infan-</span> 
     </span>
    </p>

    <p class='ocr_par' dir='ltr' id='par_1_6' title="bbox 758 2309 1078 2380">
     <span class='ocr_line' id='line_1_30' title="bbox 758 2309 1078 2380; baseline 0.013 -17"><span class='ocrx_word' id='word_1_209' title='bbox 758 2311 817 2363; x_wconf 89' lang='lat' dir='ltr'>tem</span> <span class='ocrx_word' id='word_1_210' title='bbox 825 2309 949 2380; x_wconf 80' lang='lat' dir='ltr'>effectus,</span> <span class='ocrx_word' id='word_1_211' title='bbox 959 2313 1078 2367; x_wconf 88' lang='lat' dir='ltr'>naturae</span> 
     </span>
    </p>

    <p class='ocr_par' dir='ltr' id='par_1_7' title="bbox 758 2381 1078 2438">
     <span class='ocr_line' id='line_1_31' title="bbox 758 2381 1078 2438; baseline 0.009 -4"><span class='ocrx_word' id='word_1_212' title='bbox 758 2397 851 2436; x_wconf 89' lang='lat' dir='ltr'>rerum</span> <span class='ocrx_word' id='word_1_213' title='bbox 862 2381 1014 2438; x_wconf 88' lang='lat' dir='ltr'>beneficiis.</span> <span class='ocrx_word' id='word_1_214' title='bbox 1031 2383 1078 2437; x_wconf 92' lang='lat' dir='ltr'>de·</span> 
     </span>
    </p>

    <p class='ocr_par' dir='ltr' id='par_1_8' title="bbox 759 2450 1078 2509">
     <span class='ocr_line' id='line_1_32' title="bbox 759 2450 1078 2509; baseline 0.013 -4"><span class='ocrx_word' id='word_1_215' title='bbox 759 2450 831 2507; x_wconf 87' lang='lat' dir='ltr'>cimo</span> <span class='ocrx_word' id='word_1_216' title='bbox 845 2469 941 2509; x_wconf 84' lang='lat' dir='ltr'>meuse</span> <span class='ocrx_word' id='word_1_217' title='bbox 956 2454 991 2508; x_wconf 92' lang='lat' dir='ltr'>de</span> <span class='ocrx_word' id='word_1_218' title='bbox 1000 2456 1078 2509; x_wconf 88' lang='lat' dir='ltr'>tene-</span> 
     </span>
    </p>

    <p class='ocr_par' dir='ltr' id='par_1_9' title="bbox 757 2522 1078 2580">
     <span class='ocr_line' id='line_1_33' title="bbox 757 2522 1078 2580; baseline 0.009 -3"><span class='ocrx_word' id='word_1_219' title='bbox 757 2522 816 2577; x_wconf 92' lang='lat' dir='ltr'>bris</span> <span class='ocrx_word' id='word_1_220' title='bbox 836 2524 873 2579; x_wconf 88' lang='lat' dir='ltr'>ad</span> <span class='ocrx_word' id='word_1_221' title='bbox 895 2523 987 2579; x_wconf 90' lang='lat' dir='ltr'>lucem</span> <span class='ocrx_word' id='word_1_222' title='bbox 1010 2525 1078 2580; x_wconf 84' lang='lat' dir='ltr'>exit.</span> 
     </span>
    </p>
   </div>
   <div class='ocr_carea' id='block_1_3' title="bbox 0 0 1148 3878">
    <p class='ocr_par' dir='ltr' id='par_1_10' title="bbox 0 0 1148 3878">
     <span class='ocr_line' id='line_1_34' title="bbox 0 0 1148 3878; baseline 0 2"><span class='ocrx_word' id='word_1_223' title='bbox 0 0 1148 3878; x_wconf 95' lang='lat' dir='ltr'> </span> 
     </span>
    </p>
   </div>
  </div>
 </body>
</html>
