2288 3878
78 161 145 226 314
411 160 758 215 remmornropoer

77 321 149 389 tole,
172 321 214 375 ite
237 324 269 375 ut
291 318 400 374 nesciet
421 318 472 375 ille
494 318 564 388 quid
582 317 609 374 ei
627 317 709 389 ligus.
737 318 845 375 berbee
864 321 1035 391 oyoleminis
1053 340 1092 376 ra-

78 400 170 454 dicem
189 400 223 455 de
238 398 353 455 cultello
368 415 452 469 super
465 398 602 453 eerboues
615 398 718 468 redito,
736 402 767 455 et
780 398 893 456 fumum
906 401 970 457 eius
984 402 1093 458 neribus

77 481 188 549 ducito,
217 479 312 534 omniu
339 477 532 549 suprascripte
560 476 684 550 mitiget.
716 478 742 533 si
768 481 857 551 seput
886 481 968 538 dolet
991 501 1009 539 e
1032 483 1093 550 sole,

79 578 211 618 coronam
234 560 270 614 de
292 557 385 613 iutibo
408 556 540 613 silvetieo
563 555 619 612 sibi
642 558 778 629 imponet.
806 559 883 630 lepis
906 564 1031 633 gagates
1052 580 1093 618 oe·

52 642 133 713 epiti
147 639 295 712 impositus
310 655 374 693 mox
387 636 515 693 dolorem
527 637 618 693 serre.
646 635 808 693 corniculae
822 641 976 696 oerebrum
989 645 1095 698 coetum

79 723 110 776 in
128 722 192 777 oibo
212 723 354 789 sumptum
372 717 502 787 quemvis
520 732 622 788 graves
639 720 670 773 et
686 720 879 775 nmmos
896 720 1035 789 (dolores
1053 738 1095 776 oe·

80 802 169 873 pitis>
178 802 268 854 senet.
288 816 354 853 uem
368 798 398 852 in
412 798 512 852 oberte
526 796 625 852 scribis
640 795 692 866 dp
706 796 775 868 line,
789 801 820 853 et
832 798 924 869 cupiti
940 801 1095 872 suspendis.

80 882 149 937 item
163 877 262 934 scribis
272 878 302 932 in
312 879 411 933 charte
422 877 581 932 BdPBdTO
596 893 732 933 eueee.
751 878 821 934 item
835 879 939 933 scribis
953 880 987 935 in
1001 882 1096 936 oberte

80 960 171 1016 [bilds.
199 959 269 1014 item
291 957 391 1012 scribis
413 956 445 1010 in
467 957 566 1011 obertu
591 956 785 1014 vviNdNosbo.
808 958 881 1014 item
899 959 1005 1015 scribis
1018 961 1096 1036 m(

41 1057 67 1097 10
81 1042 231 1098 oerore.
260 1038 329 1092 item
347 1036 447 1091 scribis
465 1036 495 1090 in
513 1036 613 1091 oberte
632 1035 651 1092 d
670 1036 745 1108 oepd
763 1038 907 1094 ΤὰΡΧΜΙΙ
926 1040 1018 1097 keote
1038 1044 1096 1112 pec

80 1122 149 1178 oet.
177 1121 248 1174 heeo
267 1116 361 1173 omnia
381 1117 416 1171 de
430 1117 489 1171 lino
508 1132 570 1172 rore
589 1116 624 1170 de
638 1116 698 1172 tels
716 1116 754 1170 ed
772 1118 859 1187 ceput
877 1116 996 1189 ligabis.
1017 1121 1097 1193 [item

80 1199 260 1257 hemicraniis
279 1205 326 1253 eto.
347 1198 416 1269 Pe}

196 1306 244 1359 Ad
256 1305 300 1371 II,
315 1309 349 1358 14
364 1308 411 1372 (44
429 1306 464 1359 io.
481 1310 544 1373 post
561 1301 683 1358 euforbii
701 1318 727 1370 q.
747 1319 768 1357 s.
788 1302 966 1376 adiecimus).

151 1386 223 1439 Item
242 1383 362 1438 euforbii
381 1383 455 1452 scrip
473 1384 521 1451 III,
541 1398 752 1452 orooomugmee
767 1381 841 1452 scrip
855 1382 909 1438 ΠΠ
927 1384 1017 1440 terito
1036 1403 1097 1441 oum

42 1481 68 1522 15
82 1468 171 1532 eseto,
190 1468 219 1518 et
238 1464 283 1516 fao
300 1463 444 1517 troeisoos.
463 1479 526 1516 oum
545 1479 615 1532 opus
629 1461 723 1530 fuerit,
742 1477 777 1516 ex
796 1461 863 1517 vino
876 1463 964 1520 tritos
977 1465 1096 1533 inducis,

82 1546 106 1600 si
131 1544 246 1598 sinistre
268 1560 335 1612 pars
359 1541 436 1597 dolet
458 1542 489 1597 in
514 1543 627 1611 dextre,
655 1540 799 1596 sidextru
820 1541 851 1596 in
874 1542 1001 1601 sinistre.
1030 1545 1097 1600 item

82 1624 156 1681 croci
174 1637 210 1684 ÷
223 1624 264 1692 ΙΙ,
283 1639 393 1676 murree
412 1636 448 1663 -·-
460 1623 499 1693 II,
518 1621 681 1678 eheloenthi
699 1635 736 1682 ÷
749 1622 787 1691 11,
811 1621 870 1693 opii
889 1635 919 1683 ÷
938 1625 980 1696 H,
1005 1644 1096 1682 croco-

82 1719 212 1775 megmue
226 1715 262 1763 ÷
274 1701 308 1769 11,
323 1701 394 1755 turis
408 1715 442 1762 ÷
457 1703 478 1757 1.
506 1703 576 1758 trite
594 1701 689 1757 omnia
703 1704 817 1757 austero
835 1703 903 1758 virro
921 1704 1051 1777 colliges,
1070 1711 1096 1762 et

83 1786 149 1840 inde
171 1783 293 1838 frontem
315 1780 434 1851 illinies,
462 1783 624 1839 intermisse
647 1781 749 1837 semite
771 1799 989 1853 supernarum.
1018 1803 1096 1856 pree-

43 1882 69 1922 ro
83 1866 160 1921 eluso
180 1863 255 1918 enim
273 1861 374 1916 itinere
398 1878 453 1930 quo
472 1862 568 1918 oeulos
586 1877 666 1917 umor
684 1878 786 1917 vexere
805 1868 1002 1934 consueverat,
1022 1866 1097 1921 viem

84 1947 171 2002 facies
190 1961 246 2014 que
265 1943 300 1998 de
319 1942 433 1998 cerebro
447 1960 497 2012 per
510 1960 592 1998 nares
611 1942 701 1996 fluxus
715 1944 745 1996 et
762 1941 877 1996 morbus
892 1944 985 1999 omnis
1001 1946 1096 2002 decur-

84 2031 136 2083 ret.
165 2025 231 2079 hino
253 2024 283 2078 in
310 2024 446 2093 perpetuo
470 2023 602 2077 decursus
626 2022 682 2076 fiet.
711 2021 764 2074 hoe
792 2025 822 2076 et
849 2022 887 2075 ed
909 2021 1097 2093 lippitudines

85 2107 230 2162 oculorum
252 2103 353 2171 feoies,
381 2100 426 2156 vel
450 2102 487 2155 ed
510 2118 558 2156 eos
583 2118 653 2170 quos
676 2100 795 2154 nimium
821 2117 919 2156 reumu
947 2103 994 2159 vel
1019 2105 1099 2160 dolor

83 2190 224 2259 perurget,
244 2185 294 2238 sed
307 2183 338 2236 in
356 2184 436 2236 aceto
451 2182 587 2236 acerrimo
600 2182 693 2251 ipsum
706 2181 857 2236 troeisoum
875 2181 1009 2239 resolves.
1033 2204 1099 2241 num

44 2282 71 2322 se
85 2285 184 2324 eruces
204 2280 297 2320 semen
316 2261 468 2317 contritum
487 2278 521 2315 ex
536 2264 616 2316 eoeto
630 2260 810 2331 temperabis,
829 2264 859 2316 et
878 2262 970 2333 ipsam
987 2268 1099 2334 partem

85 2365 158 2417 quee
181 2346 259 2401 dolet
280 2343 325 2397 vel
349 2345 441 2396 totum
463 2339 585 2394 frontem
608 2344 638 2395 et
660 2343 788 2410 tempore
812 2341 847 2395 de
866 2358 960 2411 penne
982 2342 1098 2399 illinies.

85 2445 182 2481 sucum
200 2425 321 2479 hederae
344 2418 485 2475 terrestris
508 2422 537 2473 et
559 2420 644 2474 betee
667 2420 750 2474 albae
775 2438 872 2475 sucum
890 2425 920 2477 et
942 2421 1038 2479 oleum
1056 2441 1099 2479 ro·

85 2522 163 2559 seum
182 2502 276 2558 omnia
294 2498 408 2567 eequeli
426 2513 557 2551 mensura
574 2515 625 2568 per
643 2500 752 2555 fistulas
775 2500 806 2554 in
824 2517 906 2556 neres
925 2501 1043 2570 coicito,
1063 2504 1100 2558 ad

85 2583 173 2638 solem
191 2581 359 2636 candentem
381 2581 506 2646 tempore
526 2579 652 2634 aestatis.
681 2597 745 2636 mox
764 2578 971 2636 enim‘tentum
990 2585 1100 2637 sternu-

46 2680 73 2721 eo
85 2662 161 2718 tebit
179 2665 211 2716 ut
229 2674 351 2713 vermem
369 2675 420 2728 per
437 2674 534 2712 nerem
548 2659 669 2715 emittet.
696 2676 764 2714 nem
782 2663 811 2714 et
829 2659 935 2716 scribes
953 2661 992 2715 ed
1010 2661 1102 2716 bemi-

86 2741 176 2798 erenii
195 2740 333 2806 dolorem,
357 2738 382 2792 si
406 2740 505 2794 dextre
522 2755 589 2807 pers
608 2739 686 2795 dolet
703 2738 804 2794 soribis
823 2739 854 2793 in
877 2743 941 2796 oute
959 2739 1041 2809 byei,
1069 2741 1100 2795 in

86 2822 202 2878 siuistru
220 2819 281 2875 oeel
300 2818 383 2875 hhhe.
412 2818 481 2874 item
504 2818 604 2874 scribis
627 2818 657 2872 in
681 2819 780 2873 charte
799 2819 873 2874 orhti
893 2823 921 2874 b)
941 2835 968 2874 σι
987 2818 1028 2875 dd
1047 2820 1100 2876 loti

85 2921 156 2973 poca
175 2901 254 2957 uonie
273 2900 310 2955 ho
330 2899 512 2956 ωὸΛΥΡΙΖΕ.
533 2898 653 2972 [Quibus
672 2915 706 2954 ex
726 2898 831 2969 frigore
854 2898 942 2954 nimio
960 2905 1008 2955 etc.
1028 2899 1099 2972 Pe}

159 3061 289 3132 lliges:
317 3063 356 3117 eie
378 3063 402 3118 b.
510 3064 578 3114 bis
597 3062 620 3115 b.
728 3059 883 3129 igegetis
902 3075 925 3114 o.
948 3057 1056 3182 iposito
1076 3062 1099 3115 b.

88 3138 103 3186 5
124 3132 247 3186 ceruicul
268 3134 330 3202 (sic)
351 3135 366 3188 b
385 3131 515 3202 (cornicis
534 3133 624 3187 Marc.
640 3148 669 3200 p.
687 3133 731 3197 35,
746 3133 804 3199 27).
889 3134 904 3183 6
924 3129 960 3183 do
973 3146 1035 3184 ores
1055 3147 1101 3184 ee-

85 3204 154 3274 pitis
173 3221 222 3259 om.
243 3205 267 3259 b.
359 3209 389 3257 11
412 3203 506 3258 deliro
525 3218 587 3256 rore
607 3204 669 3271 (sie)
690 3203 713 3256 b.
804 3205 838 3253 14
857 3200 943 3254 Oroco
962 3217 1065 3270 magne
1085 3204 1100 3256 b

85 3329 159 3396 (item
180 3327 259 3394 infra
276 3343 300 3381 o.
316 3330 352 3381 17
375 3343 455 3381 orooo
478 3329 601 3396 magne).
728 3282 785 3377 iso
805 3325 828 3378 b.
903 3329 935 3378 18
954 3324 1047 3378 thuris
1066 3337 1102 3384 -ζ-

86 3398 156 3454 trite
176 3400 237 3466 (sic)
259 3399 282 3452 b.
374 3402 406 3450 21
426 3397 553 3453 morbus:
572 3393 696 3450 moribus
716 3395 739 3448 b.
849 3399 883 3448 23
902 3411 985 3463 quos:
1006 3395 1099 3464 quib.

87 3475 122 3525 24
140 3467 257 3525 resolvis
276 3469 300 3524 b.
373 3469 566 3538 erumperes
585 3468 608 3522 b.
681 3469 715 3519 26
733 3465 864 3534 tympora
883 3466 907 3522 b.
993 3471 1028 3520 27
1048 3466 1098 3521 Su·

77 3557 264 3603 eus..,sueus
283 3541 306 3599 b.
364 3542 397 3596 28
413 3537 526 3608 aequali
544 3553 687 3593 mensure:
707 3552 763 3590 une
777 3537 801 3592 b.
857 3540 891 3590 30
905 3536 1061 3606 emigrunei
1077 3540 1100 3593 b.
