2288 3878
69 152 134 217 318
401 156 745 210 Peenno-Tuaenom

68 313 176 381 ioniae,
203 312 344 382 mastices,
372 312 478 383 piperis
506 312 604 367 uncias
629 312 765 383 singulas.
789 314 886 368 omnia
908 332 975 369 cum
1001 317 1086 372 melle

67 393 145 447 trita.
174 393 186 447 l
205 392 332 448 cocleare
354 408 437 447 mane
460 396 490 447 et
512 408 574 446 sero
598 392 729 462 accipiat.
757 391 885 462 lapidem
907 397 1035 466 gagatan
1056 398 1086 452 in

69 490 144 541 aqua
162 473 281 528 fontana
299 473 388 528 bibat.

139 553 182 608 Ut
200 569 316 608 vocem
340 552 469 606 claram
486 551 607 608 iacias.
640 551 821 607 raucedinem
840 555 989 625 emendas,
1014 556 1038 609 si
1055 555 1085 609 in

41 633 171 690 abalneo
190 633 294 687 clames
314 636 364 687 aut
383 631 445 688 oleo
464 631 625 702 gargarizes
643 631 690 687 vel
708 631 733 686 si
748 633 971 703 tragacantham
989 635 1021 689 in
1039 652 1084 690 ore

67 714 204 782 tenueris,
228 712 273 767 vel
302 712 326 766 si
350 729 404 767 ova
426 711 498 767 trita
521 711 632 766 ieiunus
655 711 761 767 cotidie
787 712 951 768 absorbeat.
978 715 1083 785 piperis

67 811 157 863 grana
175 793 205 848 in
224 809 270 846 ore
289 795 385 846 teneto
401 792 494 847 diuet
512 791 633 846 salivam
646 790 759 846 assidue
774 791 888 847 devora.
917 793 1007 848 cirros
1020 812 1084 864 por-

67 890 161 928 rorum
184 891 247 927 cum
270 889 345 940 aqua
368 872 487 927 fontana
509 887 611 940 coques
634 886 739 939 eosque
762 886 827 924 cum
854 869 940 925 melle
964 875 1083 928 mandu-

67 953 155 1022 cabis,
174 956 203 1007 et
221 953 313 1022 ipsam
331 969 435 1020 aquam
453 968 517 1006 curn
534 951 617 1006 melle
635 950 750 1020 potabis

27 1056 54 1094 10
138 1033 272 1087 Tussim
290 1048 423 1100 magnam
441 1030 549 1086 excitat
561 1030 655 1085 resina
668 1029 782 1100 pituina
800 1029 956 1086 masticata
974 1035 1005 1086 et
1022 1033 1083 1104 glu-

66 1114 129 1169 tita.
158 1113 234 1166 idem
257 1112 327 1166 facit
353 1111 468 1165 seminis
491 1113 572 1165 mtae
595 1109 738 1164 folliculus
757 1109 926 1165 masticatus
945 1129 1083 1182 sucusque

66 1193 196 1263 glutitus.

137 1274 221 1326 Item
249 1272 291 1325 ad
317 1270 448 1325 tussim.
485 1269 645 1325 vettonicae
668 1268 742 1332 5ΙΠ
765 1285 830 1323 cum
856 1269 943 1325 melle
970 1271 1081 1327 ieiunus

66 1351 178 1422 glutiat.
207 1350 343 1405 trociscus
367 1350 578 1420 diaspermaton
600 1349 638 1404 ad
660 1348 764 1402 multos
781 1351 785 1418 Ι
801 1351 838 1419 (p.
855 1353 918 1419 103)
942 1368 1011 1406 usus
1035 1369 1081 1407 ne-

26 1452 52 1490 15
67 1431 211 1486 cassarius.
232 1430 348 1485 feniculi
367 1430 481 1485 seminis
499 1443 535 1489 ÷
549 1431 574 1498 1,
599 1429 677 1484 aneti
700 1428 815 1484 seminis
833 1443 871 1490 ÷
883 1429 909 1499 Ι,
934 1431 995 1500 opii
1013 1433 1081 1501 ÷L

67 1511 117 1566 sed
140 1510 236 1579 opium
264 1511 394 1565 semotim
419 1509 501 1579 teris,
528 1512 613 1563 tunsa
636 1513 666 1563 et
692 1508 842 1564 cribellata
864 1508 896 1562 in
918 1509 1025 1579 pilulas
1048 1528 1081 1566 ex

66 1607 141 1660 aqua
160 1588 270 1659 colligis
290 1591 328 1644 ad
342 1590 433 1659 lupini
451 1588 677 1659 magnitudinem
691 1592 720 1645 et
735 1590 786 1643 das
799 1589 924 1658 patienti
942 1590 974 1645 in
988 1591 1081 1646 calida

66 1688 141 1740 aqua
158 1670 262 1724 ieiuno.
290 1673 428 1725 testarum
451 1670 486 1724 dc
509 1668 611 1724 cocleis
634 1668 736 1724 cineris
759 1668 914 1724 coclearel
932 1688 999 1737 cum
1016 1671 1080 1726 vino

65 1750 147 1822 potui
170 1752 268 1805 datum
291 1751 414 1819 prodest.
444 1747 537 1818 adipis
560 1749 681 1804 recentis
704 1749 772 1809 ÷1
794 1748 935 1817 decoquas
963 1750 996 1804 in
1021 1750 1080 1806 vini

26 1852 53 1890 ao
66 1831 158 1901 cyntis
185 1829 277 1884 tribus
301 1833 330 1884 et
357 1829 445 1883 addes
474 1827 567 1882 mellis
589 1828 737 1898 pusillum,
765 1827 853 1882 facies
876 1828 983 1899 pilulas
1003 1834 1031 1885 et
1048 1833 1080 1884 ut

66 1911 172 1981 glutiat
195 1909 289 1979 dabis,
318 1909 440 1978 prodest.
470 1925 567 1962 sevum
590 1908 737 1978 caprinum
759 1907 791 1961 in
812 1907 893 1978 pulte
918 1908 1010 1964 alicae
1033 1911 1079 1964 de-

66 1996 177 2046 coctum
196 1991 271 2059 dato,
291 1991 365 2044 edat.
393 1987 565 2058 parietariae
584 1988 688 2043 herbae
708 2004 790 2041 sucus
810 1987 887 2056 cyati
901 1988 986 2042 unius
1004 2007 1079 2044 men-

67 2089 132 2126 sura
149 2071 230 2140 potui
250 2071 341 2138 datus,
360 2067 461 2121 mirum
480 2070 530 2121 est.
654 2132 656 2136 ι

137 2153 221 2205 Item
244 2151 286 2204 ad
308 2149 480 2218 pthisicos
509 2150 543 2201 et
565 2147 719 2202 thoracis
744 2145 889 2202 dolores.
918 2146 989 2201 folia
1007 2165 1079 2202 mar-

26 2247 51 2287 an
65 2231 141 2285 rubii
164 2249 227 2285 cum
255 2229 360 2283 semine
388 2246 452 2282 cum
474 2243 549 2295 aqua
571 2244 675 2295 coques
701 2230 730 2282 et
748 2226 840 2294 ipsam
868 2243 972 2293 aquam
998 2227 1079 2297 potui

67 2311 156 2366 dabis.
184 2311 298 2379 pineam
316 2311 345 2362 et
363 2305 544 2377 tragacanthi
561 2307 625 2365 ÷1
643 2307 673 2359 in
691 2306 758 2361 vino
776 2304 867 2359 veteri
881 2305 1021 2372 decoquas
1037 2306 1079 2360 ita

65 2395 98 2445 nt
120 2390 233 2444 assidue
257 2389 292 2441 de
316 2386 426 2442 surculo
446 2385 553 2455 agites,
583 2388 612 2439 ct
634 2389 734 2454 postea
760 2384 865 2439 adicies
891 2383 998 2453 piperis
1016 2384 1079 2438 triti

65 2486 154 2539 grana
173 2468 208 2537 C,
237 2468 332 2537 spicae
359 2466 442 2520 nardi
468 2464 542 2533 scrip
565 2465 605 2533 Π,
634 2465 753 2519 storacis
782 2463 856 2532 scrip
875 2463 909 2532 V,
929 2463 1025 2518 mittes
1048 2464 1078 2517 in

65 2546 207 2615 mortario,
228 2545 335 2600 etvini
353 2544 496 2598 modicum
512 2543 625 2613 mittes,
645 2549 675 2600 et
693 2548 820 2600 conteres
840 2545 979 2597 storacem
997 2547 1030 2597 ut
1048 2560 1077 2598 se

25 2644 51 2682 eo
65 2625 253 2694 commisceat,
274 2628 303 2678 et
320 2624 417 2678 mittes
436 2640 508 2692 quae
533 2627 614 2678 cocta
633 2627 706 2679 sunt.
736 2623 841 2679 adicies
864 2622 958 2678 mellis
977 2623 1077 2692 despu-

64 2706 135 2761 mati
155 2704 335 2760 acetabulum
349 2704 369 2773 1,
389 2707 418 2759 et
438 2705 530 2758 denuo
544 2721 679 2773 recoques
693 2707 725 2758 ut
739 2704 790 2758 fiat
803 2702 896 2759 mellis
911 2702 1076 2758 crassitudo.

64 2789 95 2842 in
109 2804 138 2842 se
152 2784 292 2840 coclearia
311 2784 424 2856 singula
441 2801 524 2840 mane
540 2787 633 2839 sumat
650 2788 679 2838 et
698 2801 768 2853 sero,
789 2783 848 2837 sive
868 2786 957 2838 terna.
976 2783 1029 2837 hoc
1048 2785 1077 2836 et

65 2868 102 2921 ad
121 2883 169 2921 eos
188 2865 237 2934 qui
255 2864 437 2935 purulentum
455 2868 588 2920 excreant
606 2864 684 2919 facit.

136 3032 150 3079 l
170 3025 297 3080 masticis
318 3029 341 3082 b.
414 3039 513 3083 ana-t-
531 3027 552 3081 1.
568 3027 583 3080 b
677 3029 693 3077 2
713 3039 782 3078 sero,
797 3023 817 3077 I.
839 3024 960 3091 (iterum)
980 3038 1038 3076 acc.
1053 3023 1076 3077 b.

63 3121 80 3168 4
99 3115 198 3169 clamis
218 3117 280 3183 (sic)
301 3117 324 3170 b.
433 3101 537 3183 edriig
552 3115 613 3182 (sic)
635 3116 657 3168 b.
772 3116 788 3164 8
807 3111 961 3164 manducas
981 3112 1004 3165 b.

64 3186 219 3239 10Tussim
230 3187 599 3255 (hic)betmoa(iarabr.).
661 3181 871 3253 13Betoniceb.
929 3180 1076 3236 18cinisb.

64 3297 97 3345 19
115 3291 213 3360 adipes
232 3277 322 3348 riites
342 3296 364 3348 b.
421 3298 454 3346 20
476 3291 558 3346 addis
577 3293 601 3346 b.
655 3288 725 3342 facis
745 3289 768 3342 b.
846 3292 881 3341 22
899 3286 1036 3359 paritarie
1052 3289 1075 3341 b.

134 3367 378 3421 sucu...dati1b.
453 3369 487 3418 24
506 3361 630 3431 typsicos
650 3362 673 3414 b.
722 3364 780 3411 Ι26
800 3359 871 3428 drag
884 3360 908 3413 b.
973 3363 1006 3411 27
1025 3357 1076 3429 pip

62 3434 132 3488 tritu
152 3436 175 3490 b.
231 3442 265 3490 28
284 3435 374 3490 mittis
394 3438 417 3491 b.
467 3440 502 3489 29
516 3431 607 3487 mittis
622 3433 644 3486 b.
700 3429 822 3483 conteris
837 3431 860 3484 b.
916 3434 950 3483 30
968 3428 1076 3482 amittis

45 3529 75 3600 ,ῖῘ
92 3507 181 3583 00002
193 3529 257 3601 βία)
278 3527 301 3584 b.
356 3524 413 3579 mel
432 3523 600 3594 despumati
618 3517 779 3574 accitabulu
799 3520 822 3573 b.
878 3522 910 3571 31
932 3513 1036 3571 denuo'
1051 3519 1075 3572 t.
