2288 3878
106 177 171 242 366
333 175 611 231 emmeramum
628 173 898 239 nummorum.

1 340 3 348 '
105 347 136 404 in
161 345 229 402 vino
252 360 334 402 mero
358 344 390 402 iu
412 340 518 401 balneo
536 342 568 400 in
587 340 705 400 sabanis
729 339 844 400 sedenti
866 338 974 402 bibere
1000 343 1123 403 ieiunae.

107 434 132 492 si
156 435 220 511 ipsa
244 432 292 490 die
316 429 361 490 vel
385 437 472 490 nocte
495 437 572 490 tacta
595 430 686 489 fuerit
708 448 725 489 a
747 430 820 509 viro,
843 431 1005 508 concipiet

195 519 243 580 ad
267 527 478 598 conceptum
502 519 746 596 experimentum.
779 516 906 577 nardum
935 521 1075 581 asianum
1097 527 1124 580 et

105 627 192 670 uvam
220 614 337 687 passam
370 609 510 667 creticam
538 625 651 687 veram,
682 605 823 685 purgabis
855 613 889 666 ut
916 606 1007 669 tollas
1035 627 1123 687 grana

106 717 180 776 quae
208 696 309 776 habet,
337 704 378 756 et·
393 714 512 756 murrae
535 694 747 774 troglodyticae
774 694 934 756 modicum.
957 699 1035 757 teris
1052 697 1122 758 'dili-

106 795 210 865 genter
224 803 306 845 more
321 784 444 863 collyrii.
465 786 508 844 sic
523 785 602 843 enim
615 783 764 862 probabis.
789 782 825 843 ad
839 791 974 844 rostrum
994 785 1123 865 applicas

107 883 136 934 et
164 874 239 934 labia
267 872 336 933 iude
364 873 461 933 fricas.
495 875 521 932 si
549 871 635 933 dulce
663 880 721 953 est,
750 874 793 932 sic
819 871 928 932 mulier
956 881 1069 935 utatur.
1100 877 1123 934 si

107 982 175 1023 vero
193 981 334 1041 amarum,
357 961 484 1040 adauges
508 978 593 1020 uram
616 979 748 1042 passam,
770 968 801 1020 et
818 963 850 1020 iu
867 960 934 1021 lana
953 966 1123 1041 pessarium

106 1053 216 1112 sactum
244 1068 394 1130 suppones
422 1069 476 1129 per
500 1049 563 1110 dies
586 1047 674 1109 XXX.
704 1051 793 1109 etiam
817 1051 843 1109 si
866 1051 939 1110 stira
961 1058 1025 1132 est,
1054 1071 1122 1114 cou-

106 1142 186 1218 cipit.
219 1148 248 1200 et
276 1141 387 1218 pariter
413 1155 624 1217 praeparamus
655 1156 709 1216 par
735 1140 808 1198 viro.
841 1145 939 1198 rutam
973 1148 1141 1218 agrestemt

105 1236 168 1288 tere
197 1237 227 1287 et
254 1226 322 1287 iude
351 1235 500 1287 veretrum
529 1226 595 1305 lini,
628 1228 728 1286 statim
760 1224 927 1287 excalescit.
962 1237 1070 1306 postea
1097 1232 1120 1288 si

105 1333 165 1375 uon
183 1318 351 1394 pausaverit
368 1318 477 1375 veretri
494 1323 626 1395 tonsura,
645 1313 723 1374 idem
741 1322 892 1374 veretrum
911 1314 977 1376 oleo
997 1336 1119 1396 ungues.

75 1400 95 1464 6
194 1404 343 1482 Inguina
372 1406 398 1464 si
426 1423 442 1463 a
472 1402 584 1463 caballo
613 1402 774 1484 doluerint,
812 1403 876 1464 olco
908 1409 1028 1466 rosacio
1059 1415 1117 1468 tau-

106 1499 216 1570 guutur
239 1495 270 1551 iu
292 1491 397 1551 balneo
422 1500 450 1552 et
474 1500 556 1551 extra
574 1490 721 1552 balneum
746 1494 772 1551 si
795 1501 894 1553 autem
918 1512 987 1554 cum
1010 1496 1117 1556 rubore

104 1581 197 1640 nimio
221 1588 271 1640 aut
293 1587 397 1639 ustura
421 1581 545 1661 suerint,
573 1599 641 1641 cum
665 1599 786 1641 cerussa
808 1583 955 1659 permixta
979 1583 1144 1645 linantur

76 1666 92 1727 t
194 1669 241 1728 Ad
269 1671 471 1748 perniones.
505 1669 622 1729 alumen
654 1671 781 1729 scissum
809 1671 840 1729 in
871 1677 957 1730 aceto
986 1676 1051 1734 acri
1077 1676 1116 1733 iu·

106 1757 206 1818 lundis
229 1766 259 1819 et
281 1765 349 1837 post
372 1757 451 1817 diem
475 1757 599 1836 agitabis
619 1765 649 1818 et
672 1760 703 1818 in
726 1758 801 1837 pede
820 1777 991 1838 perungucs
1012 1760 1058 1839 [id
1077 1769 1116 1822 est

104 1846 214 1925 linies]¹
818 1890 825 1904 ·

75 1933 94 1996 8
194 1936 242 1996 ac
265 1934 470 1996 lumbricos.
494 1936 526 1994 iu
550 1933 637 1994 ollam
660 1933 780 1995 fictilem
804 1937 898 1996 mittis
918 1945 1053 1999 mentam
1071 1959 1115 2000 us-

105 2044 162 2104 que
187 2025 223 2085 ad
247 2025 372 2104 medias,
400 2031 430 2083 et
452 2022 581 2101 desuper
604 2025 697 2083 micas
723 2042 819 2102 usque
843 2024 880 2084 ad
904 2044 1063 2089 summum.
1090 2035 1143 2088 ctt·

18 2163 24 2170 .
104 2113 242 2193 implebis
274 2117 369 2193 ipsam
402 2111 500 2172 ollam·
521 2130 609 2192 aqua,
641 2119 671 2172 et
698 2111 846 2191 decoques
876 2117 983 2176 omnia.
1016 2117 1117 2178 bibere

105 2203 188 2264 dabis
207 2202 327 2263 habenti
347 2201 507 2261 lumbricos
526 2202 634 2260 ieiuno.
659 2219 762 2260 omues
781 2221 835 2279 per
853 2203 995 2264 iuferiora
1015 2208 1117 2285 egerit.

74 2288 94 2351 9
194 2292 241 2351 Ad
274 2299 456 2351 menstrua
488 2288 633 2349 mulieri
665 2291 898 2368 provocanda.
936 2301 1022 2354 rutae
1055 2297 1117 2355 suci

105 2389 220 2458 ovatum
244 2399 336 2440 unum
361 2379 533 2440 calefactum
557 2381 656 2439 ieiuna
680 2378 769 2439 bibat.
798 2379 905 2439 lortius
929 2389 1028 2442 autem
1049 2401 1117 2462 pro·

103 2475 201 2547 vocat,
229 2471 254 2526 si
282 2471 381 2527 ieiuna
410 2467 523 2527 levetur
551 2475 581 2528 et
604 2470 647 2527 sic
673 2466 796 2549 biberit,
827 2476 896 2528 ante
923 2477 1025 2531 tamen
1053 2475 1141 2532 sima

103 2554 208 2615 balneo
228 2558 361 2634 accipiat.
385 2559 506 2634 sanguis
525 2558 551 2615 si
569 2556 658 2616 huius
678 2575 798 2616 currere
818 2560 960 2640 coeperit,
981 2561 1117 2620 surculos

103 2645 198 2722 ipsius
222 2651 314 2723 rutae,
338 2643 374 2703 de
394 2647 479 2704 cuius
498 2643 577 2705 soliis
601 2664 690 2706 sucus
709 2664 868 2723 expressus
887 2654 942 2728 est,
967 2649 1117 2727 inignem

103 2734 209 2811 mittat,
233 2739 262 2791 et
286 2734 405 2810 sanguis
429 2752 460 2793 se
485 2736 612 2813 stringit.

51 2819 94 2883 10
192 2819 311 2880 Potio
339 2820 383 2879 ad
411 2820 526 2882 luem.
564 2825 731 2884 cucumeris
765 2822 889 2884 silvatici
921 2825 1050 2884 radicem
1080 2827 1115 2885 ad

104 2917 246 2987 quantum
269 2909 408 2970 habueris
431 2913 525 2971 mittis
548 2913 579 2970 iu
598 2913 772 2972 mortarium
795 2920 824 2972 ct
847 2915 922 2973 teris
944 2930 1011 2972 cum
1034 2911 1140 2975 soliisc

175 3049 286 3117 lmpro
300 3045 337 3100 Β.
388 3044 501 3102 ieiunae
519 3049 558 3103 cc'c
571 3048 605 3102 Β.
661 3053 794 3118 tvprum
809 3049 871 3115 (stc)
886 3048 922 3102 Β.
978 3047 1115 3102 eminae

101 3113 224 3168 troclitis
244 3117 279 3171 Β.
390 3122 406 3170 9
421 3126 485 3188 post
502 3118 610 3173 fectum
627 3120 700 3174 inter
719 3120 767 3173 lic.
787 3119 851 3173 odd.
870 3119 988 3182 correi
1006 3119 1042 3173 Β.

104 3184 176 3240 sciro
194 3187 222 3241 Β
241 3189 344 3255 (στεῖρα
363 3189 423 3258 111).
526 3195 559 3243 10
576 3206 629 3258 par
647 3191 761 3244 eiccod.
782 3191 926 3257 (111111).
1019 3195 1115 3244 1311-

103 3272 185 3310 acceo
203 3258 240 3312 Β.
314 3263 347 3311 15
367 3259 473 3312 cermso
490 3261 568 3326 (cici)
588 3260 616 3312 Β
636 3262 793 3329 (1111111).
874 3267 905 3315 17
924 3259 1014 3315 idest
1032 3260 1114 3314 linies

102 3329 195 3398 (quast
213 3330 339 3399 plescum)
359 3346 409 3384 om.
428 3331 468 3384 eci.
551 3334 585 3382 20
603 3329 692 3383 mices
712 3332 774 3398 (cic)
792 3331 820 3386 Β
839 3330 970 3400 (myrices
989 3333 1049 3401 111).
1069 3349 1114 3401 oy·

103 3399 213 3455 othum:
233 3401 273 3455 sic
290 3416 392 3468 comper
412 3403 455 3467 (ut
473 3400 547 3455 docte
565 3401 642 3469 colet)
662 3401 698 3454 Β.
772 3406 805 3455 25
819 3401 929 3457 levetur
947 3402 976 3456 Β
994 3402 1115 3472 (levetur

102 3473 162 3542 111).
235 3472 388 3539 antequam
405 3469 539 3524 balneum
557 3470 791 3528 intraturum.
857 3479 890 3527 26
910 3471 1038 3529 surculus
1057 3474 1115 3544 (sed

94 3542 362 3616 oecucorrJB.
436 3541 831 3614 ttad(q.-ctc)Bom.ed.
