<?xml version="1.0" encoding="UTF-8"?>
<!DOCTYPE html PUBLIC "-//W3C//DTD XHTML 1.0 Transitional//EN"
    "http://www.w3.org/TR/xhtml1/DTD/xhtml1-transitional.dtd">
<html xmlns="http://www.w3.org/1999/xhtml" xml:lang="en" lang="en">
 <head>
  <title>
</title>
<meta http-equiv="Content-Type" content="text/html;charset=utf-8" />
  <meta name='ocr-system' content='tesseract 3.04.00' />
  <meta name='ocr-capabilities' content='ocr_page ocr_carea ocr_par ocr_line ocrx_word'/>
</head>
<body>
  <div class='ocr_page' id='page_1' title='image "./theodoripriscia00rosegoog_0149.png"; bbox 0 0 2288 3878; ppageno 0'>
   <div class='ocr_carea' id='block_1_1' title="bbox 73 136 768 202">
    <p class='ocr_par' dir='ltr' id='par_1_1' title="bbox 73 136 768 202">
     <span class='ocr_line' id='line_1_1' title="bbox 73 136 768 202; baseline -0.017 0"><span class='ocrx_word' id='word_1_1' title='bbox 73 136 136 202; x_wconf 84' lang='lat' dir='ltr'>no</span> <span class='ocrx_word' id='word_1_2' title='bbox 381 138 572 190; x_wconf 78' lang='lat' dir='ltr'>rnronorar</span> <span class='ocrx_word' id='word_1_3' title='bbox 589 136 768 190; x_wconf 80' lang='lat' dir='ltr'>rrrscraur</span> 
     </span>
    </p>
   </div>
   <div class='ocr_carea' id='block_1_2' title="bbox 25 302 1092 2244">
    <p class='ocr_par' dir='ltr' id='par_1_2' title="bbox 69 302 1087 649">
     <span class='ocr_line' id='line_1_2' title="bbox 70 302 1086 384; baseline -0.001 -20"><span class='ocrx_word' id='word_1_4' title='bbox 70 310 196 364; x_wconf 91' lang='lat' dir='ltr'>aetatem</span> <span class='ocrx_word' id='word_1_5' title='bbox 219 304 363 383; x_wconf 89' lang='lat' dir='ltr'>temporis</span> <span class='ocrx_word' id='word_1_6' title='bbox 387 302 557 381; x_wconf 77' lang='lat' dir='ltr'><strong>qualitatem</strong></span> <span class='ocrx_word' id='word_1_7' title='bbox 580 304 801 381; x_wconf 92' lang='lat' dir='ltr'>provinciarum</span> <span class='ocrx_word' id='word_1_8' title='bbox 828 310 978 384; x_wconf 89' lang='lat' dir='ltr'>naturam,</span> <span class='ocrx_word' id='word_1_9' title='bbox 1006 305 1086 363; x_wconf 93' lang='lat' dir='ltr'>intra</span> 
     </span>
     <span class='ocr_line' id='line_1_3' title="bbox 69 390 1087 453; baseline 0 -1"><span class='ocrx_word' id='word_1_10' title='bbox 69 393 192 453; x_wconf 90' lang='lat' dir='ltr'>tertium</span> <span class='ocrx_word' id='word_1_11' title='bbox 229 391 309 452; x_wconf 91' lang='lat' dir='ltr'>diem</span> <span class='ocrx_word' id='word_1_12' title='bbox 345 390 504 451; x_wconf 89' lang='lat' dir='ltr'>flebotomo</span> <span class='ocrx_word' id='word_1_13' title='bbox 538 409 593 451; x_wconf 93' lang='lat' dir='ltr'>nos</span> <span class='ocrx_word' id='word_1_14' title='bbox 626 390 784 451; x_wconf 89' lang='lat' dir='ltr'>subvenire</span> <span class='ocrx_word' id='word_1_15' title='bbox 818 394 963 452; x_wconf 87' lang='lat' dir='ltr'>convenit.</span> <span class='ocrx_word' id='word_1_16' title='bbox 1013 394 1087 452; x_wconf 90' lang='lat' dir='ltr'>item</span> 
     </span>
     <span class='ocr_line' id='line_1_4' title="bbox 70 478 1087 560; baseline 0 -19"><span class='ocrx_word' id='word_1_17' title='bbox 70 482 184 541; x_wconf 90' lang='lat' dir='ltr'>ventris</span> <span class='ocrx_word' id='word_1_18' title='bbox 212 481 344 541; x_wconf 90' lang='lat' dir='ltr'>officium</span> <span class='ocrx_word' id='word_1_19' title='bbox 372 479 592 559; x_wconf 91' lang='lat' dir='ltr'>procurandum</span> <span class='ocrx_word' id='word_1_20' title='bbox 619 487 666 539; x_wconf 93' lang='lat' dir='ltr'>est</span> <span class='ocrx_word' id='word_1_21' title='bbox 690 487 741 540; x_wconf 91' lang='lat' dir='ltr'>aut</span> <span class='ocrx_word' id='word_1_22' title='bbox 763 478 867 539; x_wconf 93' lang='lat' dir='ltr'>balano</span> <span class='ocrx_word' id='word_1_23' title='bbox 891 483 1087 560; x_wconf 89' lang='lat' dir='ltr'>supponendo</span> 
     </span>
     <span class='ocr_line' id='line_1_5' title="bbox 71 567 1087 649; baseline 0.001 -20"><span class='ocrx_word' id='word_1_24' title='bbox 71 577 121 630; x_wconf 90' lang='lat' dir='ltr'>aut</span> <span class='ocrx_word' id='word_1_25' title='bbox 144 568 270 649; x_wconf 78' lang='lat' dir='ltr'><strong>clystere</strong></span> <span class='ocrx_word' id='word_1_26' title='bbox 295 568 485 648; x_wconf 82' lang='lat' dir='ltr'>simpliciore.</span> <span class='ocrx_word' id='word_1_27' title='bbox 527 568 612 628; x_wconf 91' lang='lat' dir='ltr'>lateri</span> <span class='ocrx_word' id='word_1_28' title='bbox 635 586 705 628; x_wconf 90' lang='lat' dir='ltr'>vero</span> <span class='ocrx_word' id='word_1_29' title='bbox 729 567 842 628; x_wconf 78' lang='lat' dir='ltr'>dolenti</span> <span class='ocrx_word' id='word_1_30' title='bbox 865 587 901 629; x_wconf 81' lang='lat' dir='ltr'>ex</span> <span class='ocrx_word' id='word_1_31' title='bbox 920 568 986 628; x_wconf 93' lang='lat' dir='ltr'>oleo</span> <span class='ocrx_word' id='word_1_32' title='bbox 1010 588 1087 630; x_wconf 90' lang='lat' dir='ltr'>sam·</span> 
     </span>
    </p>

    <p class='ocr_par' dir='ltr' id='par_1_3' title="bbox 44 656 1089 1092">
     <span class='ocr_line' id='line_1_6' title="bbox 44 656 1088 738; baseline 0.005 -24"><span class='ocrx_word' id='word_1_33' title='bbox 44 660 176 719; x_wconf 80' lang='lat' dir='ltr'>ssucino</span> <span class='ocrx_word' id='word_1_34' title='bbox 200 658 296 718; x_wconf 90' lang='lat' dir='ltr'>calido</span> <span class='ocrx_word' id='word_1_35' title='bbox 318 657 481 718; x_wconf 91' lang='lat' dir='ltr'>fomentum</span> <span class='ocrx_word' id='word_1_36' title='bbox 505 656 640 738; x_wconf 77' lang='lat' dir='ltr'>adhibeo,</span> <span class='ocrx_word' id='word_1_37' title='bbox 663 664 693 717; x_wconf 93' lang='lat' dir='ltr'>et</span> <span class='ocrx_word' id='word_1_38' title='bbox 712 656 845 717; x_wconf 90' lang='lat' dir='ltr'>eiusdem</span> <span class='ocrx_word' id='word_1_39' title='bbox 869 661 998 718; x_wconf 91' lang='lat' dir='ltr'>samsuci</span> <span class='ocrx_word' id='word_1_40' title='bbox 1021 659 1088 738; x_wconf 94' lang='lat' dir='ltr'>pul-</span> 
     </span>
     <span class='ocr_line' id='line_1_7' title="bbox 71 745 1088 826; baseline 0.001 -20"><span class='ocrx_word' id='word_1_41' title='bbox 71 765 140 807; x_wconf 90' lang='lat' dir='ltr'>vere</span> <span class='ocrx_word' id='word_1_42' title='bbox 164 746 211 806; x_wconf 91' lang='lat' dir='ltr'>vel</span> <span class='ocrx_word' id='word_1_43' title='bbox 239 754 322 807; x_wconf 90' lang='lat' dir='ltr'>rutae</span> <span class='ocrx_word' id='word_1_44' title='bbox 347 747 443 806; x_wconf 82' lang='lat' dir='ltr'>siccae</span> <span class='ocrx_word' id='word_1_45' title='bbox 466 745 530 805; x_wconf 94' lang='lat' dir='ltr'>loca</span> <span class='ocrx_word' id='word_1_46' title='bbox 554 746 663 805; x_wconf 88' lang='lat' dir='ltr'>affatim</span> <span class='ocrx_word' id='word_1_47' title='bbox 686 763 812 824; x_wconf 84' lang='lat' dir='ltr'>aspergo</span> <span class='ocrx_word' id='word_1_48' title='bbox 838 745 976 806; x_wconf 85' lang='lat' dir='ltr'>dolentia.</span> <span class='ocrx_word' id='word_1_49' title='bbox 1019 755 1088 826; x_wconf 92' lang='lat' dir='ltr'>post</span> 
     </span>
     <span class='ocr_line' id='line_1_8' title="bbox 71 832 1087 914; baseline 0 -19"><span class='ocrx_word' id='word_1_50' title='bbox 71 853 142 896; x_wconf 91' lang='lat' dir='ltr'>vero</span> <span class='ocrx_word' id='word_1_51' title='bbox 162 834 280 896; x_wconf 90' lang='lat' dir='ltr'>sucidas</span> <span class='ocrx_word' id='word_1_52' title='bbox 300 842 350 895; x_wconf 93' lang='lat' dir='ltr'>aut</span> <span class='ocrx_word' id='word_1_53' title='bbox 369 834 557 913; x_wconf 91' lang='lat' dir='ltr'>sulphuratas</span> <span class='ocrx_word' id='word_1_54' title='bbox 572 833 727 894; x_wconf 87' lang='lat' dir='ltr'>calefactas</span> <span class='ocrx_word' id='word_1_55' title='bbox 742 832 824 894; x_wconf 93' lang='lat' dir='ltr'>lanas</span> <span class='ocrx_word' id='word_1_56' title='bbox 838 852 962 914; x_wconf 91' lang='lat' dir='ltr'>appono.</span> <span class='ocrx_word' id='word_1_57' title='bbox 995 839 1087 896; x_wconf 88' lang='lat' dir='ltr'>variis</span> 
     </span>
     <span class='ocr_line' id='line_1_9' title="bbox 72 921 1089 1003; baseline 0 -19"><span class='ocrx_word' id='word_1_58' title='bbox 72 931 102 985; x_wconf 90' lang='lat' dir='ltr'>et</span> <span class='ocrx_word' id='word_1_59' title='bbox 133 923 339 1002; x_wconf 85' lang='lat' dir='ltr'>frequentibus</span> <span class='ocrx_word' id='word_1_60' title='bbox 372 925 480 983; x_wconf 89' lang='lat' dir='ltr'>ceteris</span> <span class='ocrx_word' id='word_1_61' title='bbox 508 922 668 1000; x_wconf 83' lang='lat' dir='ltr'>vaporibus</span> <span class='ocrx_word' id='word_1_62' title='bbox 696 921 760 982; x_wconf 93' lang='lat' dir='ltr'>loca</span> <span class='ocrx_word' id='word_1_63' title='bbox 787 922 941 1003; x_wconf 81' lang='lat' dir='ltr'>mitigabo,</span> <span class='ocrx_word' id='word_1_64' title='bbox 972 931 1006 983; x_wconf 86' lang='lat' dir='ltr'>ut</span> <span class='ocrx_word' id='word_1_65' title='bbox 1035 924 1089 984; x_wconf 92' lang='lat' dir='ltr'>ali-</span> 
     </span>
     <span class='ocr_line' id='line_1_10' title="bbox 72 1009 1088 1092; baseline 0.001 -20"><span class='ocrx_word' id='word_1_66' title='bbox 72 1012 189 1092; x_wconf 89' lang='lat' dir='ltr'>quando</span> <span class='ocrx_word' id='word_1_67' title='bbox 210 1011 343 1072; x_wconf 86' lang='lat' dir='ltr'>saccellis</span> <span class='ocrx_word' id='word_1_68' title='bbox 363 1031 400 1072; x_wconf 82' lang='lat' dir='ltr'>ex</span> <span class='ocrx_word' id='word_1_69' title='bbox 419 1010 559 1072; x_wconf 91' lang='lat' dir='ltr'>cantabro</span> <span class='ocrx_word' id='word_1_70' title='bbox 578 1009 736 1090; x_wconf 89' lang='lat' dir='ltr'>aliquando</span> <span class='ocrx_word' id='word_1_71' title='bbox 755 1029 791 1071; x_wconf 84' lang='lat' dir='ltr'>ex</span> <span class='ocrx_word' id='word_1_72' title='bbox 811 1010 893 1070; x_wconf 91' lang='lat' dir='ltr'>milio</span> <span class='ocrx_word' id='word_1_73' title='bbox 911 1010 957 1071; x_wconf 92' lang='lat' dir='ltr'>vel</span> <span class='ocrx_word' id='word_1_74' title='bbox 975 1012 1088 1073; x_wconf 86' lang='lat' dir='ltr'>salibus</span> 
     </span>
    </p>

    <p class='ocr_par' dir='ltr' id='par_1_4' title="bbox 33 1099 1090 1534">
     <span class='ocr_line' id='line_1_11' title="bbox 33 1099 1088 1183; baseline 0.006 -27"><span class='ocrx_word' id='word_1_75' title='bbox 33 1117 59 1157; x_wconf 79' lang='lat' dir='ltr'>ao</span> <span class='ocrx_word' id='word_1_76' title='bbox 73 1100 235 1183; x_wconf 83' lang='lat' dir='ltr'>calefactis,</span> <span class='ocrx_word' id='word_1_77' title='bbox 263 1101 420 1179; x_wconf 91' lang='lat' dir='ltr'>aliquando</span> <span class='ocrx_word' id='word_1_78' title='bbox 444 1100 508 1161; x_wconf 94' lang='lat' dir='ltr'>oleo</span> <span class='ocrx_word' id='word_1_79' title='bbox 533 1099 703 1178; x_wconf 90' lang='lat' dir='ltr'>supradicto</span> <span class='ocrx_word' id='word_1_80' title='bbox 727 1101 896 1160; x_wconf 91' lang='lat' dir='ltr'>samsucino</span> <span class='ocrx_word' id='word_1_81' title='bbox 919 1100 966 1160; x_wconf 91' lang='lat' dir='ltr'>vel</span> <span class='ocrx_word' id='word_1_82' title='bbox 989 1109 1088 1162; x_wconf 91' lang='lat' dir='ltr'>rutato</span> 
     </span>
     <span class='ocr_line' id='line_1_12' title="bbox 73 1187 1089 1270; baseline 0 -20"><span class='ocrx_word' id='word_1_83' title='bbox 73 1189 188 1250; x_wconf 91' lang='lat' dir='ltr'>adiecto</span> <span class='ocrx_word' id='word_1_84' title='bbox 207 1192 239 1251; x_wconf 93' lang='lat' dir='ltr'>in</span> <span class='ocrx_word' id='word_1_85' title='bbox 260 1192 402 1270; x_wconf 91' lang='lat' dir='ltr'>vesicam,</span> <span class='ocrx_word' id='word_1_86' title='bbox 425 1206 608 1268; x_wconf 85' lang='lat' dir='ltr'>vaporemus.</span> <span class='ocrx_word' id='word_1_87' title='bbox 650 1187 824 1248; x_wconf 90' lang='lat' dir='ltr'>adhibemus</span> <span class='ocrx_word' id='word_1_88' title='bbox 844 1191 934 1249; x_wconf 90' lang='lat' dir='ltr'>etiam</span> <span class='ocrx_word' id='word_1_89' title='bbox 952 1197 1089 1250; x_wconf 90' lang='lat' dir='ltr'>ventosa·</span> 
     </span>
     <span class='ocr_line' id='line_1_13' title="bbox 73 1276 1089 1356; baseline 0.001 -18"><span class='ocrx_word' id='word_1_90' title='bbox 73 1297 140 1338; x_wconf 90' lang='lat' dir='ltr'>rum</span> <span class='ocrx_word' id='word_1_91' title='bbox 164 1281 226 1339; x_wconf 93' lang='lat' dir='ltr'>suis</span> <span class='ocrx_word' id='word_1_92' title='bbox 249 1277 434 1356; x_wconf 89' lang='lat' dir='ltr'>temporibus</span> <span class='ocrx_word' id='word_1_93' title='bbox 458 1279 645 1355; x_wconf 91' lang='lat' dir='ltr'>aptissimum</span> <span class='ocrx_word' id='word_1_94' title='bbox 666 1276 853 1336; x_wconf 91' lang='lat' dir='ltr'>adiutorium.</span> <span class='ocrx_word' id='word_1_95' title='bbox 894 1295 1089 1356; x_wconf 89' lang='lat' dir='ltr'>perseveran-</span> 
     </span>
     <span class='ocr_line' id='line_1_14' title="bbox 74 1365 1089 1444; baseline 0.002 -18"><span class='ocrx_word' id='word_1_96' title='bbox 74 1366 154 1426; x_wconf 91' lang='lat' dir='ltr'>tibus</span> <span class='ocrx_word' id='word_1_97' title='bbox 186 1384 256 1426; x_wconf 91' lang='lat' dir='ltr'>vero</span> <span class='ocrx_word' id='word_1_98' title='bbox 284 1365 437 1425; x_wconf 92' lang='lat' dir='ltr'>doloribus</span> <span class='ocrx_word' id='word_1_99' title='bbox 469 1367 558 1425; x_wconf 91' lang='lat' dir='ltr'>etiam</span> <span class='ocrx_word' id='word_1_100' title='bbox 591 1365 797 1444; x_wconf 89' lang='lat' dir='ltr'>cataplasmata</span> <span class='ocrx_word' id='word_1_101' title='bbox 830 1365 988 1426; x_wconf 92' lang='lat' dir='ltr'>chalastica</span> <span class='ocrx_word' id='word_1_102' title='bbox 1020 1387 1089 1428; x_wconf 93' lang='lat' dir='ltr'>cum</span> 
     </span>
     <span class='ocr_line' id='line_1_15' title="bbox 74 1453 1090 1534; baseline 0.003 -21"><span class='ocrx_word' id='word_1_103' title='bbox 74 1454 161 1514; x_wconf 89' lang='lat' dir='ltr'>melle</span> <span class='ocrx_word' id='word_1_104' title='bbox 189 1453 226 1514; x_wconf 92' lang='lat' dir='ltr'>de</span> <span class='ocrx_word' id='word_1_105' title='bbox 255 1453 418 1514; x_wconf 90' lang='lat' dir='ltr'>seminibus</span> <span class='ocrx_word' id='word_1_106' title='bbox 446 1453 626 1534; x_wconf 89' lang='lat' dir='ltr'>superaddo,</span> <span class='ocrx_word' id='word_1_107' title='bbox 658 1453 818 1514; x_wconf 91' lang='lat' dir='ltr'>detrahens</span> <span class='ocrx_word' id='word_1_108' title='bbox 851 1456 982 1533; x_wconf 90' lang='lat' dir='ltr'>speciem</span> <span class='ocrx_word' id='word_1_109' title='bbox 1010 1457 1090 1517; x_wconf 90' lang='lat' dir='ltr'>faeni</span> 
     </span>
    </p>

    <p class='ocr_par' dir='ltr' id='par_1_5' title="bbox 36 1541 1091 1691">
     <span class='ocr_line' id='line_1_16' title="bbox 36 1541 1091 1624; baseline 0.004 -24"><span class='ocrx_word' id='word_1_110' title='bbox 36 1560 61 1600; x_wconf 75' lang='lat'>1⁵</span> <span class='ocrx_word' id='word_1_111' title='bbox 75 1544 183 1623; x_wconf 85' lang='lat' dir='ltr'>graeci,</span> <span class='ocrx_word' id='word_1_112' title='bbox 206 1541 294 1622; x_wconf 87' lang='lat' dir='ltr'>quod,</span> <span class='ocrx_word' id='word_1_113' title='bbox 317 1549 350 1601; x_wconf 91' lang='lat' dir='ltr'>ut</span> <span class='ocrx_word' id='word_1_114' title='bbox 372 1549 513 1620; x_wconf 84' lang='lat' dir='ltr'>expertus</span> <span class='ocrx_word' id='word_1_115' title='bbox 537 1560 612 1623; x_wconf 92' lang='lat' dir='ltr'>sum,</span> <span class='ocrx_word' id='word_1_116' title='bbox 638 1541 835 1602; x_wconf 85' lang='lat' dir='ltr'>febrientibus</span> <span class='ocrx_word' id='word_1_117' title='bbox 860 1550 947 1621; x_wconf 92' lang='lat' dir='ltr'>caput</span> <span class='ocrx_word' id='word_1_118' title='bbox 971 1562 1091 1624; x_wconf 91' lang='lat' dir='ltr'>semper</span> 
     </span>
     <span class='ocr_line' id='line_1_17' title="bbox 76 1629 577 1691; baseline 0.002 -2"><span class='ocrx_word' id='word_1_119' title='bbox 76 1629 177 1690; x_wconf 91' lang='lat' dir='ltr'>dolore</span> <span class='ocrx_word' id='word_1_120' title='bbox 201 1638 230 1690; x_wconf 86' lang='lat' dir='ltr'>et</span> <span class='ocrx_word' id='word_1_121' title='bbox 253 1629 405 1691; x_wconf 86' lang='lat' dir='ltr'>inflatione</span> <span class='ocrx_word' id='word_1_122' title='bbox 430 1630 577 1690; x_wconf 89' lang='lat' dir='ltr'>sollicitat.</span> 
     </span>
    </p>

    <p class='ocr_par' dir='ltr' id='par_1_6' title="bbox 25 1718 1090 1975">
     <span class='ocr_line' id='line_1_18' title="bbox 25 1718 1089 1798; baseline -0.005 -14"><span class='ocrx_word' id='word_1_123' title='bbox 25 1719 65 1784; x_wconf 87' lang='lat'>18</span> <span class='ocrx_word' id='word_1_124' title='bbox 165 1719 248 1779; x_wconf 92' lang='lat' dir='ltr'>cibos</span> <span class='ocrx_word' id='word_1_125' title='bbox 275 1736 346 1780; x_wconf 88' lang='lat' dir='ltr'>vero</span> <span class='ocrx_word' id='word_1_126' title='bbox 374 1738 468 1798; x_wconf 90' lang='lat' dir='ltr'>usque</span> <span class='ocrx_word' id='word_1_127' title='bbox 497 1718 532 1778; x_wconf 95' lang='lat' dir='ltr'>ad</span> <span class='ocrx_word' id='word_1_128' title='bbox 560 1719 756 1798; x_wconf 84' lang='lat' dir='ltr'>aegritudinis</span> <span class='ocrx_word' id='word_1_129' title='bbox 784 1718 981 1798; x_wconf 84' lang='lat' dir='ltr'>digestionem</span> <span class='ocrx_word' id='word_1_130' title='bbox 1010 1739 1089 1780; x_wconf 89' lang='lat' dir='ltr'>com-</span> 
     </span>
     <span class='ocr_line' id='line_1_19' title="bbox 77 1807 1090 1887; baseline 0.001 -20"><span class='ocrx_word' id='word_1_131' title='bbox 77 1807 173 1869; x_wconf 92' lang='lat' dir='ltr'>modis</span> <span class='ocrx_word' id='word_1_132' title='bbox 195 1808 380 1887; x_wconf 90' lang='lat' dir='ltr'>temporibus</span> <span class='ocrx_word' id='word_1_133' title='bbox 407 1809 560 1868; x_wconf 91' lang='lat' dir='ltr'>matutinis</span> <span class='ocrx_word' id='word_1_134' title='bbox 584 1826 672 1886; x_wconf 79' lang='lat' dir='ltr'>quam</span> <span class='ocrx_word' id='word_1_135' title='bbox 700 1810 827 1868; x_wconf 85' lang='lat' dir='ltr'>maxime</span> <span class='ocrx_word' id='word_1_136' title='bbox 851 1807 977 1868; x_wconf 89' lang='lat' dir='ltr'>sorbiles</span> <span class='ocrx_word' id='word_1_137' title='bbox 1001 1811 1090 1868; x_wconf 93' lang='lat' dir='ltr'>mini-</span> 
     </span>
     <span class='ocr_line' id='line_1_20' title="bbox 78 1896 1090 1975; baseline 0 -17"><span class='ocrx_word' id='word_1_138' title='bbox 78 1898 177 1958; x_wconf 91' lang='lat' dir='ltr'>strabo</span> <span class='ocrx_word' id='word_1_139' title='bbox 210 1906 240 1959; x_wconf 90' lang='lat' dir='ltr'>et</span> <span class='ocrx_word' id='word_1_140' title='bbox 272 1897 390 1958; x_wconf 90' lang='lat' dir='ltr'>calidos.</span> <span class='ocrx_word' id='word_1_141' title='bbox 440 1905 511 1957; x_wconf 90' lang='lat' dir='ltr'>tunc</span> <span class='ocrx_word' id='word_1_142' title='bbox 544 1898 624 1956; x_wconf 90' lang='lat' dir='ltr'>enim</span> <span class='ocrx_word' id='word_1_143' title='bbox 660 1896 920 1975; x_wconf 83' lang='lat' dir='ltr'>perseverantibus</span> <span class='ocrx_word' id='word_1_144' title='bbox 955 1897 1090 1958; x_wconf 90' lang='lat' dir='ltr'>febribus</span> 
     </span>
    </p>

    <p class='ocr_par' dir='ltr' id='par_1_7' title="bbox 38 1984 1092 2244">
     <span class='ocr_line' id='line_1_21' title="bbox 38 1984 1092 2066; baseline 0.004 -24"><span class='ocrx_word' id='word_1_145' title='bbox 38 1994 195 2066; x_wconf 80' lang='lat' dir='ltr'>rotempus</span> <span class='ocrx_word' id='word_1_146' title='bbox 233 1989 293 2047; x_wconf 90' lang='lat' dir='ltr'>sive</span> <span class='ocrx_word' id='word_1_147' title='bbox 333 1986 548 2047; x_wconf 89' lang='lat' dir='ltr'>adiutoriorum</span> <span class='ocrx_word' id='word_1_148' title='bbox 585 1987 647 2045; x_wconf 90' lang='lat' dir='ltr'>sive</span> <span class='ocrx_word' id='word_1_149' title='bbox 680 1984 816 2045; x_wconf 89' lang='lat' dir='ltr'>ciborum</span> <span class='ocrx_word' id='word_1_150' title='bbox 853 1992 969 2045; x_wconf 90' lang='lat' dir='ltr'>veteres</span> <span class='ocrx_word' id='word_1_151' title='bbox 1005 1986 1092 2065; x_wconf 84' lang='lat' dir='ltr'>fysici</span> 
     </span>
     <span class='ocr_line' id='line_1_22' title="bbox 78 2075 1091 2155; baseline -0.004 -18"><span class='ocrx_word' id='word_1_152' title='bbox 78 2078 265 2155; x_wconf 91' lang='lat' dir='ltr'>aptissimum</span> <span class='ocrx_word' id='word_1_153' title='bbox 289 2081 540 2136; x_wconf 89' lang='lat' dir='ltr'>asseveraverunt.</span> <span class='ocrx_word' id='word_1_154' title='bbox 587 2091 706 2153; x_wconf 90' lang='lat' dir='ltr'>semper</span> <span class='ocrx_word' id='word_1_155' title='bbox 729 2075 840 2134; x_wconf 91' lang='lat' dir='ltr'>etenim</span> <span class='ocrx_word' id='word_1_156' title='bbox 863 2081 985 2134; x_wconf 87' lang='lat' dir='ltr'>naturae</span> <span class='ocrx_word' id='word_1_157' title='bbox 1009 2082 1091 2135; x_wconf 91' lang='lat' dir='ltr'>certa</span> 
     </span>
     <span class='ocr_line' id='line_1_23' title="bbox 77 2163 1091 2244; baseline -0.003 -19"><span class='ocrx_word' id='word_1_158' title='bbox 77 2168 191 2226; x_wconf 90' lang='lat' dir='ltr'>ratione</span> <span class='ocrx_word' id='word_1_159' title='bbox 215 2167 400 2244; x_wconf 82' lang='lat' dir='ltr'>vespertinae</span> <span class='ocrx_word' id='word_1_160' title='bbox 427 2163 517 2223; x_wconf 91' lang='lat' dir='ltr'>horae</span> <span class='ocrx_word' id='word_1_161' title='bbox 545 2164 701 2222; x_wconf 90' lang='lat' dir='ltr'>crassioris</span> <span class='ocrx_word' id='word_1_162' title='bbox 729 2164 807 2222; x_wconf 93' lang='lat' dir='ltr'>aeris</span> <span class='ocrx_word' id='word_1_163' title='bbox 835 2180 958 2222; x_wconf 91' lang='lat' dir='ltr'>accessu</span> <span class='ocrx_word' id='word_1_164' title='bbox 985 2181 1091 2241; x_wconf 86' lang='lat' dir='ltr'>aegros</span> 
     </span>
    </p>
   </div>
   <div class='ocr_carea' id='block_1_3' title="bbox 77 2296 1100 3577">
    <p class='ocr_par' dir='ltr' id='par_1_8' title="bbox 77 2296 1100 3577">
     <span class='ocr_line' id='line_1_24' title="bbox 150 2296 1092 2366; baseline -0.001 -13"><span class='ocrx_word' id='word_1_165' title='bbox 150 2306 165 2353; x_wconf 99' lang='grc'>2</span> <span class='ocrx_word' id='word_1_166' title='bbox 188 2317 239 2353; x_wconf 92' lang='lat' dir='ltr'>nos</span> <span class='ocrx_word' id='word_1_167' title='bbox 262 2299 410 2355; x_wconf 86' lang='lat' dir='ltr'>subvenire</span> <span class='ocrx_word' id='word_1_168' title='bbox 431 2298 550 2354; x_wconf 71' lang='lat' dir='ltr'>rodet:</span> <span class='ocrx_word' id='word_1_169' title='bbox 574 2296 722 2352; x_wconf 88' lang='lat' dir='ltr'>subvenire</span> <span class='ocrx_word' id='word_1_170' title='bbox 740 2313 791 2351; x_wconf 91' lang='lat' dir='ltr'>nos</span> <span class='ocrx_word' id='word_1_171' title='bbox 815 2296 875 2352; x_wconf 88' lang='lat' dir='ltr'>VB.</span> <span class='ocrx_word' id='word_1_172' title='bbox 953 2302 970 2350; x_wconf 84' lang='grc'>3</span> <span class='ocrx_word' id='word_1_173' title='bbox 992 2314 1092 2366; x_wconf 89' lang='lat' dir='ltr'>procu·</span> 
     </span>
     <span class='ocr_line' id='line_1_25' title="bbox 77 2367 1093 2439; baseline -0.002 -14"><span class='ocrx_word' id='word_1_174' title='bbox 77 2372 198 2425; x_wconf 82' lang='lat' dir='ltr'>randum</span> <span class='ocrx_word' id='word_1_175' title='bbox 221 2371 330 2426; x_wconf 85' lang='lat' dir='ltr'>VBrb:</span> <span class='ocrx_word' id='word_1_176' title='bbox 349 2369 560 2439; x_wconf 86' lang='lat' dir='ltr'>provocandum</span> <span class='ocrx_word' id='word_1_177' title='bbox 579 2369 638 2424; x_wconf 79' lang='lat' dir='ltr'>cer.</span> <span class='ocrx_word' id='word_1_178' title='bbox 694 2367 800 2423; x_wconf 82' lang='lat' dir='ltr'>balano</span> <span class='ocrx_word' id='word_1_179' title='bbox 818 2368 937 2424; x_wconf 80' lang='lat' dir='ltr'>rVGel.:</span> <span class='ocrx_word' id='word_1_180' title='bbox 956 2367 1093 2423; x_wconf 86' lang='lat' dir='ltr'>balanum</span> 
     </span>
     <span class='ocr_line' id='line_1_26' title="bbox 78 2437 1092 2511; baseline 0 -16"><span class='ocrx_word' id='word_1_181' title='bbox 78 2443 105 2495; x_wconf 92' lang='lat' dir='ltr'><em>B</em></span> <span class='ocrx_word' id='word_1_182' title='bbox 116 2441 260 2510; x_wconf 84' lang='lat' dir='ltr'>(balamon</span> <span class='ocrx_word' id='word_1_183' title='bbox 279 2438 467 2511; x_wconf 77' lang='lat' dir='ltr'>supponendo</span> <span class='ocrx_word' id='word_1_184' title='bbox 482 2442 516 2509; x_wconf 85' lang='lat' dir='ltr'>b).</span> <span class='ocrx_word' id='word_1_185' title='bbox 612 2446 628 2493; x_wconf 81' lang='lat'>4</span> <span class='ocrx_word' id='word_1_186' title='bbox 648 2438 759 2493; x_wconf 88' lang='lat' dir='ltr'>clistere</span> <span class='ocrx_word' id='word_1_187' title='bbox 778 2437 948 2508; x_wconf 87' lang='lat' dir='ltr'>simpliciore</span> <span class='ocrx_word' id='word_1_188' title='bbox 967 2440 1092 2496; x_wconf 80' lang='lat' dir='ltr'>rVGel.:</span> 
     </span>
     <span class='ocr_line' id='line_1_27' title="bbox 80 2509 1094 2579; baseline -0.001 -13"><span class='ocrx_word' id='word_1_189' title='bbox 80 2510 190 2566; x_wconf 72' lang='lat' dir='ltr'>elisterd</span> <span class='ocrx_word' id='word_1_190' title='bbox 210 2510 380 2579; x_wconf 82' lang='lat' dir='ltr'>simpliciore</span> <span class='ocrx_word' id='word_1_191' title='bbox 400 2512 456 2564; x_wconf 90' lang='lat' dir='ltr'>Bb.</span> <span class='ocrx_word' id='word_1_192' title='bbox 530 2509 668 2565; x_wconf 85' lang='lat' dir='ltr'>samsucio</span> <span class='ocrx_word' id='word_1_193' title='bbox 693 2511 724 2565; x_wconf 91' lang='lat' dir='ltr'>V.</span> <span class='ocrx_word' id='word_1_194' title='bbox 806 2509 967 2563; x_wconf 78' lang='lat' dir='ltr'>ociusdem</span> <span class='ocrx_word' id='word_1_195' title='bbox 985 2527 1012 2565; x_wconf 83' lang='lat' dir='ltr'>r:</span> <span class='ocrx_word' id='word_1_196' title='bbox 1034 2510 1094 2565; x_wconf 88' lang='lat' dir='ltr'>eius</span> 
     </span>
     <span class='ocr_line' id='line_1_28' title="bbox 80 2579 1094 2651; baseline -0.001 -14"><span class='ocrx_word' id='word_1_197' title='bbox 80 2583 138 2651; x_wconf 79' lang='lat' dir='ltr'>(sic)</span> <span class='ocrx_word' id='word_1_198' title='bbox 153 2581 227 2636; x_wconf 87' lang='lat' dir='ltr'>VBb</span> <span class='ocrx_word' id='word_1_199' title='bbox 239 2582 296 2636; x_wconf 77' lang='lat' dir='ltr'>Get.</span> <span class='ocrx_word' id='word_1_200' title='bbox 352 2587 368 2634; x_wconf 90' lang='lat'><strong>8</strong></span> <span class='ocrx_word' id='word_1_201' title='bbox 387 2579 499 2634; x_wconf 86' lang='lat' dir='ltr'>ceteris:</span> <span class='ocrx_word' id='word_1_202' title='bbox 520 2583 553 2647; x_wconf 76' lang='lat' dir='ltr'>ef.</span> <span class='ocrx_word' id='word_1_203' title='bbox 572 2598 658 2651; x_wconf 76' lang='lat' dir='ltr'>supra</span> <span class='ocrx_word' id='word_1_204' title='bbox 675 2598 695 2636; x_wconf 87' lang='lat' dir='ltr'>s.</span> <span class='ocrx_word' id='word_1_205' title='bbox 716 2584 741 2636; x_wconf 88' lang='lat'>5.</span> <span class='ocrx_word' id='word_1_206' title='bbox 798 2582 830 2634; x_wconf 87' lang='lat' dir='ltr'>ut</span> <span class='ocrx_word' id='word_1_207' title='bbox 847 2581 913 2636; x_wconf 84' lang='lat' dir='ltr'>er</span> <span class='ocrx_word' id='word_1_208' title='bbox 926 2580 999 2636; x_wconf 73' lang='lat' dir='ltr'>Get:</span> <span class='ocrx_word' id='word_1_209' title='bbox 1019 2583 1048 2635; x_wconf 88' lang='lat' dir='ltr'>et</span> <span class='ocrx_word' id='word_1_210' title='bbox 1059 2583 1094 2636; x_wconf 92' lang='lat' dir='ltr'>B.</span> 
     </span>
     <span class='ocr_line' id='line_1_29' title="bbox 81 2650 1095 2722; baseline 0.002 -15"><span class='ocrx_word' id='word_1_211' title='bbox 81 2661 110 2707; x_wconf 91' lang='lat'>11</span> <span class='ocrx_word' id='word_1_212' title='bbox 128 2651 159 2704; x_wconf 90' lang='lat' dir='ltr'>in</span> <span class='ocrx_word' id='word_1_213' title='bbox 172 2650 250 2706; x_wconf 83' lang='lat' dir='ltr'>rVB</span> <span class='ocrx_word' id='word_1_214' title='bbox 261 2651 332 2706; x_wconf 77' lang='lat' dir='ltr'>Get:</span> <span class='ocrx_word' id='word_1_215' title='bbox 352 2667 402 2706; x_wconf 86' lang='lat' dir='ltr'>om.</span> <span class='ocrx_word' id='word_1_216' title='bbox 418 2650 541 2720; x_wconf 62' lang='lat' dir='ltr'>beeai</span> <span class='ocrx_word' id='word_1_217' title='bbox 596 2667 775 2721; x_wconf 72' lang='lat' dir='ltr'>vaporemusz</span> <span class='ocrx_word' id='word_1_218' title='bbox 794 2668 925 2706; x_wconf 88' lang='lat' dir='ltr'>-ramus</span> <span class='ocrx_word' id='word_1_219' title='bbox 941 2651 1095 2722; x_wconf 67' lang='lat' dir='ltr'>VBoGet,</span> 
     </span>
     <span class='ocr_line' id='line_1_30' title="bbox 80 2719 1096 2792; baseline 0 -16"><span class='ocrx_word' id='word_1_220' title='bbox 80 2720 240 2776; x_wconf 88' lang='lat' dir='ltr'>-rabimus</span> <span class='ocrx_word' id='word_1_221' title='bbox 258 2739 281 2776; x_wconf 83' lang='lat' dir='ltr'>r.</span> <span class='ocrx_word' id='word_1_222' title='bbox 337 2726 370 2774; x_wconf 84' lang='grc'>13</span> <span class='ocrx_word' id='word_1_223' title='bbox 390 2719 526 2776; x_wconf 83' lang='lat' dir='ltr'>ealostiea</span> <span class='ocrx_word' id='word_1_224' title='bbox 544 2722 562 2777; x_wconf 89' lang='lat' dir='ltr'>i.</span> <span class='ocrx_word' id='word_1_225' title='bbox 581 2721 759 2792; x_wconf 80' lang='lat' dir='ltr'>penetrativa</span> <span class='ocrx_word' id='word_1_226' title='bbox 777 2723 842 2778; x_wconf 84' lang='lat' dir='ltr'>add.</span> <span class='ocrx_word' id='word_1_227' title='bbox 862 2723 885 2779; x_wconf 86' lang='lat' dir='ltr'>b.</span> <span class='ocrx_word' id='word_1_228' title='bbox 947 2727 981 2775; x_wconf 85' lang='lat'>14</span> <span class='ocrx_word' id='word_1_229' title='bbox 1000 2740 1096 2792; x_wconf 87' lang='lat' dir='ltr'>super-</span> 
     </span>
     <span class='ocr_line' id='line_1_31' title="bbox 82 2791 1097 2863; baseline 0 -14"><span class='ocrx_word' id='word_1_230' title='bbox 82 2794 156 2849; x_wconf 85' lang='lat' dir='ltr'>addo</span> <span class='ocrx_word' id='word_1_231' title='bbox 174 2795 210 2848; x_wconf 83' lang='lat' dir='ltr'>rb</span> <span class='ocrx_word' id='word_1_232' title='bbox 223 2791 294 2848; x_wconf 55' lang='lat' dir='ltr'>Gela</span> <span class='ocrx_word' id='word_1_233' title='bbox 314 2792 388 2846; x_wconf 82' lang='lat' dir='ltr'>addo</span> <span class='ocrx_word' id='word_1_234' title='bbox 407 2792 472 2847; x_wconf 88' lang='lat' dir='ltr'>BV.</span> <span class='ocrx_word' id='word_1_235' title='bbox 546 2797 578 2846; x_wconf 80' lang='lat'>15</span> <span class='ocrx_word' id='word_1_236' title='bbox 598 2793 666 2863; x_wconf 87' lang='lat' dir='ltr'>quia</span> <span class='ocrx_word' id='word_1_237' title='bbox 684 2792 792 2863; x_wconf 84' lang='lat' dir='ltr'>experti</span> <span class='ocrx_word' id='word_1_238' title='bbox 811 2810 906 2848; x_wconf 87' lang='lat' dir='ltr'>sumus</span> <span class='ocrx_word' id='word_1_239' title='bbox 926 2793 950 2862; x_wconf 89' lang='lat' dir='ltr'>b,</span> <span class='ocrx_word' id='word_1_240' title='bbox 970 2793 1046 2862; x_wconf 91' lang='lat' dir='ltr'>quod</span> <span class='ocrx_word' id='word_1_241' title='bbox 1065 2797 1097 2849; x_wconf 89' lang='lat' dir='ltr'>ut</span> 
     </span>
     <span class='ocr_line' id='line_1_32' title="bbox 81 2863 1097 2935; baseline 0 -15"><span class='ocrx_word' id='word_1_242' title='bbox 81 2865 211 2935; x_wconf 85' lang='lat' dir='ltr'>expertus</span> <span class='ocrx_word' id='word_1_243' title='bbox 235 2880 297 2917; x_wconf 90' lang='lat' dir='ltr'>sum</span> <span class='ocrx_word' id='word_1_244' title='bbox 315 2863 412 2919; x_wconf 61' lang='lat' dir='ltr'>eliel:</span> <span class='ocrx_word' id='word_1_245' title='bbox 437 2863 512 2932; x_wconf 91' lang='lat' dir='ltr'>quod</span> <span class='ocrx_word' id='word_1_246' title='bbox 537 2866 666 2933; x_wconf 83' lang='lat' dir='ltr'>expertus</span> <span class='ocrx_word' id='word_1_247' title='bbox 690 2866 734 2918; x_wconf 92' lang='lat' dir='ltr'>est</span> <span class='ocrx_word' id='word_1_248' title='bbox 756 2865 788 2933; x_wconf 87' lang='lat' dir='ltr'>V,</span> <span class='ocrx_word' id='word_1_249' title='bbox 812 2864 889 2933; x_wconf 88' lang='lat' dir='ltr'>quod</span> <span class='ocrx_word' id='word_1_250' title='bbox 911 2866 1041 2934; x_wconf 85' lang='lat' dir='ltr'>expertus</span> <span class='ocrx_word' id='word_1_251' title='bbox 1067 2882 1097 2920; x_wconf 86' lang='lat' dir='ltr'>es</span> 
     </span>
     <span class='ocr_line' id='line_1_33' title="bbox 80 2933 1097 3061; baseline 0 -69"><span class='ocrx_word' id='word_1_252' title='bbox 80 2937 137 3061; x_wconf 49' lang='lat' dir='ltr'>{fed</span> <span class='ocrx_word' id='word_1_253' title='bbox 152 2942 216 3006; x_wconf 76' lang='lat' dir='ltr'>post</span> <span class='ocrx_word' id='word_1_254' title='bbox 234 2933 405 2989; x_wconf 90' lang='lat' dir='ltr'>sollicitatur</span> <span class='ocrx_word' id='word_1_255' title='bbox 421 2937 461 2990; x_wconf 82' lang='lat' dir='ltr'>sa&#39;c</span> <span class='ocrx_word' id='word_1_256' title='bbox 479 2937 633 3006; x_wconf 62' lang='lat' dir='ltr'>damcdeca)</span> <span class='ocrx_word' id='word_1_257' title='bbox 644 2937 679 2991; x_wconf 91' lang='lat' dir='ltr'>B.</span> <span class='ocrx_word' id='word_1_258' title='bbox 740 2940 773 2990; x_wconf 88' lang='grc'>16</span> <span class='ocrx_word' id='word_1_259' title='bbox 787 2934 932 2989; x_wconf 85' lang='lat' dir='ltr'>inflatione</span> <span class='ocrx_word' id='word_1_260' title='bbox 947 2936 1034 2992; x_wconf 88' lang='lat' dir='ltr'>VBb:</span> <span class='ocrx_word' id='word_1_261' title='bbox 1054 2937 1097 2991; x_wconf 89' lang='lat' dir='ltr'>in-</span> 
     </span>
     <span class='ocr_line' id='line_1_34' title="bbox 102 3005 1097 3076; baseline 0.001 -15"><span class='ocrx_word' id='word_1_262' title='bbox 102 3005 272 3061; x_wconf 83' lang='lat' dir='ltr'>ammotione</span> <span class='ocrx_word' id='word_1_263' title='bbox 290 3006 370 3062; x_wconf 80' lang='lat' dir='ltr'>rGel.</span> <span class='ocrx_word' id='word_1_264' title='bbox 444 3005 592 3062; x_wconf 87' lang='lat' dir='ltr'>sollicitat:</span> <span class='ocrx_word' id='word_1_265' title='bbox 611 3007 780 3075; x_wconf 80' lang='lat' dir='ltr'>sichGel.,</span> <span class='ocrx_word' id='word_1_266' title='bbox 800 3007 913 3060; x_wconf 85' lang='lat' dir='ltr'>—tatur</span> <span class='ocrx_word' id='word_1_267' title='bbox 931 3008 958 3061; x_wconf 90' lang='grc' dir='ltr'><strong><em>Β</em></strong></span> <span class='ocrx_word' id='word_1_268' title='bbox 973 3008 1033 3076; x_wconf 73' lang='lat' dir='ltr'>(ubi</span> <span class='ocrx_word' id='word_1_269' title='bbox 1051 3024 1097 3062; x_wconf 87' lang='lat' dir='ltr'>ca-</span> 
     </span>
     <span class='ocr_line' id='line_1_35' title="bbox 81 3075 1099 3149; baseline 0 -16"><span class='ocrx_word' id='word_1_270' title='bbox 81 3078 150 3149; x_wconf 87' lang='lat' dir='ltr'>pitis</span> <span class='ocrx_word' id='word_1_271' title='bbox 169 3077 295 3132; x_wconf 90' lang='lat' dir='ltr'>dolorem</span> <span class='ocrx_word' id='word_1_272' title='bbox 319 3079 348 3132; x_wconf 88' lang='lat' dir='ltr'>et</span> <span class='ocrx_word' id='word_1_273' title='bbox 370 3076 591 3131; x_wconf 87' lang='lat' dir='ltr'>inflammatione</span> <span class='ocrx_word' id='word_1_274' title='bbox 614 3075 752 3131; x_wconf 85' lang='lat' dir='ltr'>sollicitat</span> <span class='ocrx_word' id='word_1_275' title='bbox 769 3079 802 3147; x_wconf 79' lang='lat' dir='ltr'>r).</span> <span class='ocrx_word' id='word_1_276' title='bbox 856 3083 888 3130; x_wconf 89' lang='grc'>21</span> <span class='ocrx_word' id='word_1_277' title='bbox 909 3085 973 3133; x_wconf 76' lang='lat' dir='ltr'>corte</span> <span class='ocrx_word' id='word_1_278' title='bbox 987 3094 1099 3148; x_wconf 86' lang='lat' dir='ltr'>semper</span> 
     </span>
     <span class='ocr_line' id='line_1_36' title="bbox 80 3147 1100 3217; baseline 0 -12"><span class='ocrx_word' id='word_1_279' title='bbox 80 3151 146 3205; x_wconf 76' lang='lat' dir='ltr'>baec</span> <span class='ocrx_word' id='word_1_280' title='bbox 163 3150 222 3205; x_wconf 86' lang='lat' dir='ltr'>sola</span> <span class='ocrx_word' id='word_1_281' title='bbox 239 3150 304 3204; x_wconf 83' lang='lat' dir='ltr'>odd.</span> <span class='ocrx_word' id='word_1_282' title='bbox 324 3150 339 3203; x_wconf 87' lang='lat' dir='ltr'>b</span> <span class='ocrx_word' id='word_1_283' title='bbox 358 3147 437 3203; x_wconf 82' lang='lat' dir='ltr'>Tunc</span> <span class='ocrx_word' id='word_1_284' title='bbox 455 3147 530 3216; x_wconf 85' lang='lat' dir='ltr'>enim</span> <span class='ocrx_word' id='word_1_285' title='bbox 548 3147 792 3217; x_wconf 83' lang='lat' dir='ltr'>perseverantibus</span> <span class='ocrx_word' id='word_1_286' title='bbox 815 3147 941 3202; x_wconf 87' lang='lat' dir='ltr'>febribus</span> <span class='ocrx_word' id='word_1_287' title='bbox 961 3150 1060 3217; x_wconf 77' lang='lat' dir='ltr'>(plrrro</span> <span class='ocrx_word' id='word_1_288' title='bbox 1074 3157 1100 3205; x_wconf 84' lang='lat' dir='ltr'>et</span> 
     </span>
     <span class='ocr_line' id='line_1_37' title="bbox 77 3217 1099 3292; baseline 0 -16"><span class='ocrx_word' id='word_1_289' title='bbox 77 3221 164 3292; x_wconf 72' lang='lat' dir='ltr'>preca</span> <span class='ocrx_word' id='word_1_290' title='bbox 176 3220 235 3276; x_wconf 66' lang='lat' dir='ltr'>aaz.</span> <span class='ocrx_word' id='word_1_291' title='bbox 253 3219 331 3274; x_wconf 83' lang='lat' dir='ltr'>Tune</span> <span class='ocrx_word' id='word_1_292' title='bbox 345 3218 450 3274; x_wconf 89' lang='lat' dir='ltr'>etenim</span> <span class='ocrx_word' id='word_1_293' title='bbox 464 3218 550 3273; x_wconf 87' lang='lat' dir='ltr'>etiam</span> <span class='ocrx_word' id='word_1_294' title='bbox 563 3219 593 3272; x_wconf 88' lang='lat' dir='ltr'>in</span> <span class='ocrx_word' id='word_1_295' title='bbox 607 3234 678 3288; x_wconf 89' lang='lat' dir='ltr'>pers.</span> <span class='ocrx_word' id='word_1_296' title='bbox 694 3217 820 3273; x_wconf 81' lang='lat' dir='ltr'>febribus</span> <span class='ocrx_word' id='word_1_297' title='bbox 873 3218 1099 3292; x_wconf 85' lang='lat' dir='ltr'>adseveravere):</span> 
     </span>
     <span class='ocr_line' id='line_1_38' title="bbox 81 3290 1100 3348; baseline -0.001 -1"><span class='ocrx_word' id='word_1_298' title='bbox 81 3307 131 3347; x_wconf 91' lang='lat' dir='ltr'>om.</span> <span class='ocrx_word' id='word_1_299' title='bbox 151 3292 236 3348; x_wconf 82' lang='lat' dir='ltr'>rVB.</span> <span class='ocrx_word' id='word_1_300' title='bbox 310 3295 343 3344; x_wconf 89' lang='grc'>21</span> <span class='ocrx_word' id='word_1_301' title='bbox 363 3293 482 3344; x_wconf 77' lang='lat' dir='ltr'>naturae</span> <span class='ocrx_word' id='word_1_302' title='bbox 500 3291 548 3345; x_wconf 80' lang='lat' dir='ltr'>rB</span> <span class='ocrx_word' id='word_1_303' title='bbox 560 3290 631 3346; x_wconf 60' lang='lat' dir='ltr'>Gela</span> <span class='ocrx_word' id='word_1_304' title='bbox 650 3291 753 3344; x_wconf 91' lang='lat' dir='ltr'>natura</span> <span class='ocrx_word' id='word_1_305' title='bbox 772 3290 826 3346; x_wconf 89' lang='lat' dir='ltr'>bV.</span> <span class='ocrx_word' id='word_1_306' title='bbox 899 3295 933 3344; x_wconf 89' lang='grc'>22</span> <span class='ocrx_word' id='word_1_307' title='bbox 952 3290 1100 3346; x_wconf 88' lang='lat' dir='ltr'>crassioris</span> 
     </span>
     <span class='ocr_line' id='line_1_39' title="bbox 82 3359 1100 3429; baseline 0.001 -12"><span class='ocrx_word' id='word_1_308' title='bbox 82 3361 156 3418; x_wconf 81' lang='lat' dir='ltr'>aeris</span> <span class='ocrx_word' id='word_1_309' title='bbox 175 3378 289 3417; x_wconf 87' lang='lat' dir='ltr'>accessu</span> <span class='ocrx_word' id='word_1_310' title='bbox 308 3360 407 3429; x_wconf 75' lang='lat' dir='ltr'>caet,</span> <span class='ocrx_word' id='word_1_311' title='bbox 433 3361 583 3416; x_wconf 83' lang='lat' dir='ltr'>crassiores</span> <span class='ocrx_word' id='word_1_312' title='bbox 607 3359 679 3416; x_wconf 89' lang='lat' dir='ltr'>aeris</span> <span class='ocrx_word' id='word_1_313' title='bbox 698 3366 813 3416; x_wconf 73' lang='lat' dir='ltr'>accessis</span> <span class='ocrx_word' id='word_1_314' title='bbox 831 3378 862 3416; x_wconf 84' lang='lat' dir='ltr'>r:</span> <span class='ocrx_word' id='word_1_315' title='bbox 882 3361 1033 3416; x_wconf 86' lang='lat' dir='ltr'>crassiores</span> <span class='ocrx_word' id='word_1_316' title='bbox 1054 3379 1100 3418; x_wconf 85' lang='lat' dir='ltr'>ac·</span> 
     </span>
     <span class='ocr_line' id='line_1_40' title="bbox 82 3431 1100 3576; baseline 0.001 -88"><span class='ocrx_word' id='word_1_317' title='bbox 82 3433 205 3576; x_wconf 52' lang='lat' dir='ltr'>cesso?</span> <span class='ocrx_word' id='word_1_318' title='bbox 230 3434 262 3502; x_wconf 83' lang='lat' dir='ltr'>V,</span> <span class='ocrx_word' id='word_1_319' title='bbox 282 3431 426 3488; x_wconf 89' lang='lat' dir='ltr'>crassioris</span> <span class='ocrx_word' id='word_1_320' title='bbox 450 3446 564 3487; x_wconf 86' lang='lat' dir='ltr'>accessu</span> <span class='ocrx_word' id='word_1_321' title='bbox 582 3433 618 3488; x_wconf 90' lang='lat' dir='ltr'>B.</span> <span class='ocrx_word' id='word_1_322' title='bbox 638 3433 673 3500; x_wconf 74' lang='lat' dir='ltr'>ef.</span> <span class='ocrx_word' id='word_1_323' title='bbox 695 3431 767 3488; x_wconf 79' lang='lat' dir='ltr'>Occi.</span> <span class='ocrx_word' id='word_1_324' title='bbox 786 3433 832 3488; x_wconf 83' lang='lat' dir='ltr'>cel.</span> <span class='ocrx_word' id='word_1_325' title='bbox 851 3435 952 3501; x_wconf 64' lang='grc'>2192</span> <span class='ocrx_word' id='word_1_326' title='bbox 969 3432 1034 3487; x_wconf 86' lang='lat' dir='ltr'>miti</span> <span class='ocrx_word' id='word_1_327' title='bbox 1054 3451 1100 3489; x_wconf 86' lang='lat' dir='ltr'>ae·</span> 
     </span>
     <span class='ocr_line' id='line_1_41' title="bbox 77 3504 283 3577; baseline 0.01 -19"><span class='ocrx_word' id='word_1_328' title='bbox 77 3521 160 3560; x_wconf 77' lang='lat' dir='ltr'>cassu</span> <span class='ocrx_word' id='word_1_329' title='bbox 190 3504 283 3577; x_wconf 79' lang='lat' dir='ltr'>soris).</span> 
     </span>
    </p>
   </div>
   <div class='ocr_carea' id='block_1_4' title="bbox 0 0 1161 3878">
    <p class='ocr_par' dir='ltr' id='par_1_9' title="bbox 0 0 1161 3878">
     <span class='ocr_line' id='line_1_42' title="bbox 0 0 1161 3878; baseline 0 0"><span class='ocrx_word' id='word_1_330' title='bbox 0 0 1161 3878; x_wconf 95' lang='lat' dir='ltr'> </span> 
     </span>
    </p>
   </div>
  </div>
 </body>
</html>
