2288 3878
54 162 119 228 368
281 166 560 219 immoriturum
577 166 854 223 snuxmnnusn.

54 333 138 409 ysopi
171 334 289 411 cretici,
321 333 374 391 iris
406 330 551 413 illyricae,
583 338 666 392 rutae
697 331 806 392 viridis
838 339 954 397 unciae
988 338 1078 421 binae,

54 418 152 479 nuclei
175 423 256 499 pinei
279 419 340 480 unc
357 418 418 480 llll.
447 439 522 499 quae
547 422 625 481 sicca
648 428 717 481 sunt
744 421 832 481 tundi
865 433 898 485 et
922 431 1011 489 cerni
1033 429 1078 489 de·

53 509 137 588 bcnt,
170 519 267 570 rutam
300 516 397 569 autem
426 527 494 569 cnm
526 508 641 569 nucleis
672 511 770 588 pineis
799 518 830 570 et
865 517 1021 577 masticen
1052 521 1078 578 in

54 601 195 658 mortario
219 584 303 657 sicini
327 615 432 675 aspero
456 598 566 657 detere.
591 597 664 658 baec
686 616 756 658 cum
779 597 859 660 bene
885 601 1006 666 luerint
1024 625 1078 667 ma·

53 685 156 766 laxata,
179 694 282 765 postea
306 704 381 764 quac
401 687 479 746 sicca
501 693 571 746 sunt
589 688 749 764 iungantur
769 694 799 746 et
817 694 966 752 terantur
986 694 1105 756 simut

53 774 181 854 desuper
208 782 307 834 autem
335 776 413 833 mitti
441 782 556 852 oportet
580 774 676 835 mellis
704 778 815 836 summi
844 788 1000 856 quantum
1024 785 1079 845 sul-

53 864 122 924 sscit.
146 866 284 923 universa
308 865 338 922 in
368 881 399 921 so
428 870 508 922 creta
537 864 670 923 conlecta
697 865 729 924 in
752 882 803 924 vas
826 867 968 930 vitreum
992 874 1079 933 missa

56 955 168 1031 signata
192 953 303 1012 servari
327 949 443 1010 debent.

4 1032 44 1096 14
142 1040 306 1101 Decomai
340 1039 523 1100 antidotos
551 1039 714 1100 Terentii
745 1039 973 1120 Eutychiani
1007 1049 1077 1110 dia-

52 1138 227 1189 tessaron.
252 1129 321 1189 lacit
340 1128 376 1188 ad
396 1127 592 1207 digestionem
611 1137 640 1189 et
659 1129 695 1189 ad
714 1131 832 1189 urinam
852 1138 1077 1210 provocandam
1087 1158 1104 1196 o

52 1226 82 1277 et
104 1217 209 1278 colum.
235 1220 319 1277 cuius
343 1217 488 1277 conlectio
508 1218 575 1278 talis
595 1225 648 1278 est.
681 1217 859 1296 petroselini
878 1227 1075 1307 macedonici,

52 1307 173 1385 piperis,
196 1306 304 1385 inulae,
327 1305 448 1366 feniculi
468 1309 581 1366 semina
600 1309 703 1385 aequis
725 1307 914 1385 ponderibus
941 1321 1032 1377 tunsa
1049 1324 1074 1375 et

52 1392 218 1473 cribellata,
246 1394 326 1453 melli
357 1394 435 1454 bono
465 1395 625 1455 sufficienti
653 1395 826 1473 despumato
855 1403 989 1464 terendo
1012 1407 1071 1464 iun·

52 1488 161 1559 guntur
185 1490 214 1540 et
237 1480 315 1540 dolio
340 1485 434 1542 vitreo
458 1485 572 1560 signata
592 1491 753 1544 servantur.

140 1588 208 1629 cum
222 1589 344 1630 necesse
360 1571 459 1651 luerit,
473 1571 592 1633 dabitur
605 1575 655 1633 ita.
675 1572 709 1633 ad
725 1571 926 1651 digestionem
940 1580 1069 1641 cocleare
1080 1595 1097 1635 o

51 1656 172 1736 plenum
187 1659 410 1720 comedendum.
432 1663 457 1720 si
472 1668 570 1721 autem
585 1680 671 1722 mane
686 1660 873 1722 stomachum
888 1665 1069 1746 indigestum

51 1747 148 1828 babet,
172 1748 309 1809 similiter
332 1748 466 1809 cocleare
488 1749 610 1828 plenum
634 1749 776 1810 comedat.
800 1750 837 1810 ad
856 1754 980 1817 urinam
1004 1775 1068 1817 vero

50 1838 266 1916 provocandam
299 1841 330 1897 in
357 1837 462 1898 balneo
490 1840 521 1897 in
550 1835 623 1897 solio
661 1840 751 1897 stanti
779 1839 915 1901 cocleare
950 1843 1068 1923 plenum

45 1925 141 1987 'solvis
164 1929 196 1987 in
220 1926 334 1988 duobus
362 1929 454 2005 cyatis
482 1943 573 2003 aquae
603 1924 713 1984 calidae
738 1935 767 1985 et
787 1926 954 1991 bibendum
978 1933 1067 1994 dabis.

52 2014 153 2076 colicis
178 2034 295 2094 quoque
318 2018 350 2074 in
373 2032 448 2093 aqua
471 2012 564 2072 calida
592 2011 644 2072 ubi
672 2015 772 2092 apium
796 2016 888 2077 fuerit
911 2018 1096 2083 decoctumo

52 2104 180 2165 solutum
201 2104 322 2183 plenum
341 2101 473 2163 cocleare
491 2099 595 2161 bibere
615 2101 707 2182 dabis,
730 2111 799 2182 post
817 2106 954 2168 triduum
973 2111 1068 2172 tribus

52 2196 144 2272 cyatis
168 2211 260 2270 aquae
284 2191 393 2252 salitae.

4 2268 41 2332 [ὃ
139 2280 303 2340 Decomai
327 2280 477 2339 titianos
499 2295 714 2357 npocparuceos
740 2280 817 2358 quod
842 2280 933 2345 latine
959 2286 1069 2349 dicitur

51 2368 91 2428 ad
115 2385 249 2428 omnem
271 2369 476 2445 passionem
499 2364 634 2426 dolorum
659 2369 791 2428 omnium
811 2387 865 2431 seu
888 2375 1069 2437 interiorum

51 2459 113 2515 sive
137 2457 331 2533 exteriorum,
359 2455 448 2512 etiam
477 2456 673 2532 quartanariis
702 2456 748 2516 vel
772 2459 823 2536 qui
847 2465 1003 2540 coeperint
1029 2467 1068 2526 le·
1081 2477 1101 2516 2⁵

50 2543 139 2603 brire.
162 2542 235 2602 baec
258 2544 377 2601 nomina
406 2541 519 2602 scribes
542 2542 579 2602 de
607 2551 770 2622 atramento
798 2547 829 2605 in
858 2549 960 2611 charta
983 2572 1070 2634 pura,

51 2650 125 2711 quae
153 2633 183 2690 in
212 2629 308 2690 tribus
340 2632 432 2709 cyatis
460 2650 552 2710 aquae
584 2631 695 2693 calidae
728 2633 877 2696 delavabis
910 2645 940 2698 et
971 2643 1070 2720 ipsam

51 2739 155 2799 aquam
178 2719 336 2779 bibendam
360 2720 452 2779 dabis,
477 2739 526 2780 res
549 2729 595 2782 est
617 2721 695 2782 ultra
719 2725 960 2802 experimentata.
992 2730 1068 2791 aelio

51 2827 199 2870 uenemos
224 2827 306 2887 cvpo
329 2827 439 2888 aaopne
464 2828 583 2871 avcvna.
608 2809 771 2872 lekevrouk.

122 3022 138 3068 2
157 3015 250 3070 nuclei
263 3016 341 3085 pinei
351 3018 378 3071 Β
391 3017 436 3085 (cf.
453 3016 525 3072 Cass.
537 3033 566 3086 p.
582 3020 734 3100 IQ—
763 3022 778 3070 3
796 3016 944 3072 masticem
955 3023 1067 3091 (sic)B.

52 3108 67 3157 7
86 3104 225 3159 insecreia
239 3107 300 3174 (sic)
316 3107 343 3160 Β
364 3109 425 3174 (om.
445 3107 507 3174 cd).
563 3112 579 3160 9
597 3105 732 3161 Decomai
750 3107 812 3172 (sic)
827 3106 854 3159 Β
868 3108 945 3172 (item
962 3110 1067 3181 iufra).

51 3174 207 3229 euthiciani
226 3174 420 3232 diathesseron
430 3177 465 3230 Β.
481 3177 515 3244 cf.
530 3178 610 3232 allud
622 3177 689 3232 used.
707 3177 795 3246 (apud
809 3177 900 3232 Marc.
912 3195 942 3247 p.
958 3184 1022 3248 140,
1035 3188 1069 3250 8)

51 3246 128 3312 quod
142 3247 178 3300 ab
193 3246 370 3315 Eutychiano
385 3245 527 3302 archiatro
540 3247 662 3316 primum
674 3247 813 3301 traditum
830 3245 928 3303 fertum
943 3310 945 3314 ἱ
973 3256 1006 3304 12
1021 3251 1065 3306 hi-

50 3316 135 3370 nulae
154 3318 190 3373 Β.
252 3323 286 3371 13
305 3318 388 3373 melle
407 3318 443 3372 Β,
499 3323 532 3371 18
551 3317 582 3371 in
600 3317 702 3371 balneo
721 3317 752 3372 in
770 3317 829 3373 sole
847 3317 954 3389 vero(d)
974 3324 1066 3378 stanti

53 3390 114 3457 (sc'c)
134 3389 161 3442 Β
181 3387 221 3457 (in
239 3387 265 3442 b.
285 3389 331 3444 vel
349 3389 380 3444 in
399 3388 457 3442 sole
476 3406 497 3444 s.
516 3390 576 3458 ecl).
598 3388 632 3456 cf.
649 3405 678 3458 p.
694 3392 758 3457 359,
773 3394 797 3445 7.
871 3394 904 3444 22
925 3389 1016 3447 sallao
1036 3395 1066 3447 Β

51 3459 223 3529 (sabaudi).
279 3462 466 3517 selectorum
480 3475 538 3528 cop.
548 3460 694 3528 (consulto)
705 3461 796 3516 omisit
805 3461 845 3515 ed.
895 3459 1062 3520 biiianosB:

51 3529 253 3587 Vindicianus?
271 3533 311 3587 sic
324 3533 474 3600 (scriptura
487 3531 662 3602 aemipcocca)
670 3530 707 3600 B,
725 3532 783 3588 scil.
802 3548 872 3600 προς
885 3549 944 3587 παν
956 3535 1061 3596 naboe.

505 3776 619 3800 *ιι-.-
716 3776 827 3800 “.
