2288 3878
88 134 155 198 190
417 136 762 190 resono-raucooar

87 293 164 348 cebis
183 309 264 348 cerae
283 293 409 362 liquidae
428 292 532 347 libram
544 293 558 347 Ι
572 296 602 349 et
619 293 707 349 facies
725 296 851 349 cerotum
865 297 1007 352 tenerum.
1036 298 1108 354 item

85 373 190 428 radicis
208 373 294 440 iunci,
312 389 423 428 murrae
439 372 650 443 troglodytidis,
665 374 791 443 storacis,
809 373 885 429 lauri
899 376 1041 432 bacarum
1055 397 1107 433 un-

85 453 144 508 cias
164 452 299 523 singulas,
319 453 414 507 omnia
431 452 597 508 tenuissime
614 453 685 508 trite
701 452 842 523 miscebis,
861 457 892 511 et
909 457 1010 513 uteris.

134 561 182 614 Ad
202 576 315 615 omnes
333 574 514 613 nervorum
533 556 684 614 duritias
701 559 954 629 perfrictiones
973 579 1055 618 oon-

57 652 69 692 o
296 637 489 692 tractiones
509 640 543 692 et
561 637 698 693 dolores
717 639 863 710 (XXXVI).

155 721 282 789 Asopum
304 718 380 786 quod
403 717 594 786 suprascripta
620 717 693 772 mira
712 718 858 775 celeritate
882 724 980 791 sanat,
1011 724 1103 778 etad

82 800 241 868 plethoram
269 801 298 853 et
325 798 362 852 ad
390 796 505 853 calores.
539 796 672 852 foliorum
696 797 771 853 lauri
798 802 828 854 et
853 799 992 855 bacarum
1017 803 1100 874 lauri,

82 878 159 933 faeni
169 877 272 949 granu,
283 877 413 945 samsuci‚
424 876 549 947 cupressi
562 877 705 947 bacarum,
719 882 838 948 murtae,
849 879 919 934 roris
929 881 1037 936 marini
1050 902 1100 937 un-

83 959 142 1013 cias
161 959 300 1029 singulas,
324 958 395 1012 haec
418 957 513 1012 omnia
531 960 615 1012 tunsa
633 956 663 1010 in
681 956 742 1012 vini
760 957 864 1013 veteris
886 960 947 1014 551
965 960 1099 1017 infundes

42 1050 68 1088 ιο
84 1038 183 1094 diebus
202 1039 254 1108 111,
279 1040 380 1106 quarto
403 1036 534 1091 miscebis
558 1036 614 1091 olei
632 1036 673 1092 lib
687 1037 727 1092 ΙΠ
749 1036 781 1091 in
803 1037 891 1092 ollam
913 1039 966 1094 ubi
989 1041 1097 1111 species

82 1118 289 1189 suprascriptae
313 1120 391 1186 sunt,
415 1120 444 1172 et
466 1116 525 1171 leni
551 1132 643 1185 pruna
667 1132 770 1185 coques
797 1133 887 1186 nsque
914 1135 972 1187 quo
1000 1120 1098 1175 vinum

82 1201 267 1253 consumetur.
301 1196 422 1266 colchis,
445 1196 508 1251 foco
532 1196 666 1265 impones.
695 1199 725 1251 et
747 1196 835 1252 addes
858 1213 941 1253 cerae
963 1200 1097 1269 ponticae

82 1289 116 1337 -:-
130 1278 182 1346 VI,
209 1277 318 1332 resinae
341 1275 550 1331 terebinthinae
569 1287 604 1336 ÷
618 1275 670 1345 VI,
694 1278 724 1330 et
745 1276 841 1332 uteris.
874 1277 930 1332 hoo
949 1282 1096 1349 expertum

81 1360 110 1410 et
129 1357 212 1411 valde
235 1357 384 1410 mirificum
407 1359 458 1411 est.
494 1355 564 1409 item
589 1353 644 1409 olei
668 1355 771 1410 veteris
794 1355 835 1410 lib
848 1356 916 1426 1111,
939 1360 1096 1415 cucumeris

41 1446 67 1485 15
82 1435 202 1504 agrestis
220 1436 348 1490 radicum
367 1435 434 1489 libI
453 1450 555 1502 coques
574 1451 662 1502 usque
681 1435 719 1490 ad
733 1434 827 1490 oleum
844 1439 874 1491 et
888 1437 997 1493 adicies
1017 1456 1096 1495 ocrae

81 1514 149 1568 libI
167 1517 196 1568 et
214 1531 265 1583 pro
289 1531 377 1584 acopo
401 1514 496 1569 uteris.
525 1530 591 1568 caro
608 1514 775 1583 palumbina
798 1515 861 1570 cibo
880 1517 1000 1586 prodest
1019 1520 1095 1575 data.

81 1611 155 1662 aqua
173 1593 205 1648 in
222 1611 279 1662 qua
298 1594 393 1649 caules
413 1593 522 1650 decocti
541 1597 607 1649 sunt
624 1594 688 1649 loca
706 1593 905 1651 fomententur.
935 1596 991 1652 hoc
1010 1599 1095 1653 etad

79 1674 184 1744 pedum
203 1674 328 1728 dolorem
346 1674 424 1730 facit.
453 1677 560 1728 stercus
579 1673 725 1743 caprinum
743 1677 909 1729 montanum
928 1692 994 1731 oum
1009 1695 1095 1733 axun-

79 1754 128 1824 gia
151 1754 251 1809 tritum
274 1754 362 1810 linteo
385 1755 533 1809 inductum
556 1756 585 1808 et
608 1752 777 1807 calefactum
799 1756 889 1809 sanat.
916 1758 1025 1810 stercus
1049 1773 1095 1810 ca-

40 1845 66 1884 so
79 1835 192 1904 prinum
211 1836 357 1892 decoctum
375 1851 439 1888 cum
458 1838 538 1889 aceto
557 1837 586 1889 et
603 1832 687 1887 melle
700 1833 800 1887 tritum
818 1833 965 1903 imponito.
997 1835 1051 1890 hoc
1066 1839 1096 1891 et

80 1915 214 1972 articulos
245 1916 372 1971 dolentes
400 1917 488 1969 curat,
517 1915 686 1969 abrotonum
712 1929 776 1966 cum
803 1913 865 1968 oleo
894 1913 1043 1970 decoctam
1066 1918 1095 1970 et

79 1995 178 2051 tritam
196 1996 343 2066 imponito.
371 1995 473 2049 hoc·et
486 1993 562 2048 mala
581 1991 787 2048 medicamenta
805 1992 938 2051 excludit.
967 1997 1094 2065 gagatem

79 2074 204 2145 lapidem
221 2074 362 2131 ustulabis
381 2076 455 2129 teres
474 2073 551 2127 etin
570 2073 663 2127 oleum
680 2072 792 2142 mittes,
816 2072 922 2127 adicies
946 2076 977 2128 et
1000 2091 1094 2130 ceram

79 2154 121 2210 ita
139 2159 171 2210 ut
189 2156 240 2210 fiat
259 2157 392 2222 cerotum,
412 2156 441 2208 et
454 2152 550 2208 uteris.
582 2153 636 2206 hoc
651 2151 803 2207 cuiuslibet
815 2152 935 2206 membri
949 2156 979 2208 et
995 2171 1094 2210 renum

39 2242 65 2282 25
81 2235 206 2291 dolorem
229 2237 317 2291 curat.
348 2231 559 2302 quinquefoliae
582 2230 687 2286 herbae
710 2247 808 2285 sucum
828 2230 909 2300 potui
934 2232 1010 2288 dato.
1039 2233 1093 2288 hoc

78 2316 108 2369 et
126 2313 247 2369 laterum
266 2316 295 2369 et
313 2330 446 2367 coxarum
465 2309 574 2366 dolores
594 2313 684 2366 sanat.

299 2419 345 2473 De
364 2418 553 2472 lumborum
573 2417 690 2471 dolore
705 2417 862 2487 (XXXVII).

149 2497 197 2551 Git
215 2501 352 2565 quantum
369 2497 461 2552 tribus
485 2495 584 2566 digitis
603 2496 703 2552 tollere
721 2497 828 2566 poteris
846 2495 946 2551 tritum
965 2497 996 2551 in
1014 2498 1091 2567 passi

79 2573 176 2629 cretici
195 2575 286 2643 cyatis
306 2576 414 2629 duobus
437 2592 500 2628 cum
523 2592 614 2645 aquae
637 2576 747 2631 calidae
771 2576 861 2645 cyatis
881 2575 991 2630 duobus
1010 2578 1091 2647 potui

37 2665 63 2704 so
79 2653 155 2722 dato,
174 2656 304 2723 potenter
328 2653 406 2709 facit.
434 2653 531 2709 lanam
553 2655 680 2711 sucidam
702 2656 733 2710 in
757 2656 818 2711 oleo
842 2659 872 2711 et
893 2655 956 2725 pice
979 2656 1091 2725 liquida

148 2777 240 2833 arad'
262 2780 285 2835 b.
340 2778 424 2833 mirre
443 2779 577 2834 trooliten
592 2782 615 2834 b.
670 2779 773 2835 baccas
788 2782 811 2836 b.
867 2786 954 2834 sana
973 2781 1002 2836 .1.
1018 2794 1053 2850 -;-
1066 2783 1089 2838 b.

75 2847 176 2904 misces
195 2850 223 2905 b.
296 2857 313 2905 4
331 2849 545 2920 perfricationes
564 2852 579 2907 t
595 2853 667 2920 (item
685 2853 716 2906 io
734 2853 791 2906 iod.
811 2869 871 2920 cop.
885 2851 1020 2921 XXXVl).

76 2921 192 2975 6111.
288 2923 432 2992 'lpletora
451 2924 474 2980 b.
564 2922 635 2977 folia
650 2966 655 2978 .
672 2967 677 2978 .
695 2966 700 2977 .
715 2923 817 2977 baccas
836 2925 859 2977 b.
951 2922 1088 2976 8bacoas

74 2992 159 3062 Mirtp
178 2993 234 3048 Ros
254 2993 356 3048 marini
376 2997 398 3050 b.
486 3011 541 3048 ana
560 2995 588 3049 .Ι,
607 3007 643 3054 -;-
658 2995 681 3048 b.
766 2998 800 3046 10
819 2992 925 3058 Quarto
943 2992 1045 3048 misces
1064 2996 1088 3048 b.

76 3089 108 3136 11
129 3084 156 3137 s*s
172 3071 200 3137 lt
219 3085 242 3139 b.
318 3083 521 3139 1100111111,
583 3088 617 3137 14
636 3081 795 3137 Cucumeris
814 3079 871 3135 suc'
892 3081 1012 3151 agrestis
1027 3082 1087 3135 rad'

75 3161 139 3226 lbI.
156 3173 179 3227 b.
254 3178 287 3226 15
306 3189 394 3242 usque
414 3173 450 3227 ad
470 3170 535 3227 ol'm
550 3174 608 3241 (cio)
627 3173 650 3228 t.
738 3176 772 3225 18
792 3169 845 3224 dol'
866 3188 969 3240 semper
987 3172 1010 3227 b.

74 3283 106 3332 11
127 3278 274 3333 Abrotans'r
293 3280 317 3334 t.
381 3279 497 3333 decocta
516 3281 545 3333 et
561 3277 630 3332 trita
649 3278 708 3346 (sto)
727 3278 750 3332 b.
824 3282 857 3329 13
877 3255 984 3331 1111111Ι
1003 3279 1042 3330 tis
1062 3279 1085 3331 b.

73 3355 107 3403 11
128 3346 191 3403 dol’.
275 3355 309 3402 16
330 3348 394 3404 dol'.
468 3354 501 3402 17
520 3355 558 3404 eet
575 3349 677 3403 iudicis
694 3364 715 3402 e.
730 3346 868 3402 XXXVII.
888 3348 922 3415 cf.
942 3347 988 3403 Ps.
1008 3348 1085 3402 Pliu.

72 3419 659 3490 11411111.Ρ11.1,36.14ὁΒαε.).
743 3421 776 3471 18
795 3416 868 3473 Gitti
887 3420 910 3475 b.
939 3420 973 3486 ef.
993 3418 1084 3474 More.

62 3509 96 3564 p.
113 3496 180 3562 251,
195 3495 238 3548 33.
321 3497 354 3546 19
373 3507 448 3558 aqua
467 3489 517 3544 cal’
539 3493 563 3547 b.
