2288 3878
469 175 664 233 GYNAEOIA,
1012 172 1078 237 463

134 333 244 387 Lucas
260 331 385 386 christi
400 348 519 386 servus
535 335 569 386 et
582 331 761 400 medicus*)
772 331 901 386 omnibus
916 332 1077 387 christianis

64 406 93 459 et
120 403 237 458 medicis
265 404 336 458 haec
364 401 493 472 epistola.
522 404 635 456 constat
659 402 842 472 hypocratem
866 403 1006 458 medicum
1028 420 1079 473 per

63 477 192 544 tempora
215 491 266 528 sua
289 490 404 544 pagana
427 472 572 542 scripsisse
595 472 748 529 volumina.
777 476 806 528 et
828 473 893 527 ideo
916 473 958 527 ibi
981 473 1077 542 aliqua

63 562 124 600 esse
143 546 270 600 obscura.
291 544 412 614 quedam
430 560 497 598 vero
514 543 659 614 generalia
678 543 751 598 sicut
770 546 813 598 est
831 543 904 598 illud
924 545 991 599 ΝΠ,
1012 545 1077 598 stel-

63 615 99 669 lis
112 616 214 670 'omnia
232 615 401 669 ministrare.
426 631 510 682 quem
528 614 650 685 gentiles
670 615 823 669 credebant
842 632 876 670 ex
895 614 954 670 sole
973 615 1077 669 habere

64 687 201 756 spiritum.
226 702 261 741 ex
283 685 351 740 luna
370 701 478 754 corpus.
506 702 539 740 ex
560 688 667 741 martes
687 686 771 741 stella
788 686 934 742 fervorem.
954 703 989 740 ex
1006 703 1078 739 mer-

64 758 134 812 curii
158 757 271 813 stellam
294 757 423 825 linguam
446 758 475 810 et
499 756 676 826 sapientiam.
700 773 735 811 ex
757 756 821 811 iove
841 757 953 812 coitum.
979 773 1013 812 ex
1032 773 1078 811 ve-

62 845 128 883 nere
161 845 291 884 amorem.
325 843 360 882 ex
388 829 504 881 saturno
531 827 676 883 tarditate.
710 844 764 896 que
797 828 893 882 omnia
923 844 981 882 non
1013 830 1078 881 sunt

63 899 225 954 christianis
244 898 392 953 credenda.
412 897 480 965 quia
499 897 589 952 omnis
609 898 820 953 administratio
837 902 866 953 et
881 898 970 952 omnis
989 898 1077 952 medi·

63 971 127 1025 cina
146 988 163 1026 a
187 971 240 1024 deo
263 968 400 1038 procedit.
429 970 458 1022 et
480 968 522 1022 ibi
545 968 711 1024 laudabitur
733 969 859 1024 medicus
882 969 932 1024 ubi
955 968 1078 1023 voluerit

64 1041 202 1096 dominus.
226 1040 264 1094 Et
282 1039 347 1093 ideo
365 1056 416 1093 nos
436 1038 485 1107 qui
505 1039 575 1093 artis
597 1039 736 1094 medicine
756 1057 852 1094 curam
869 1057 1030 1094 exercemus
1049 1043 1079 1094 et

63 1111 212 1167 christiani
231 1112 296 1164 sunt
315 1111 363 1179 (sic
381 1112 400 1165 i.
420 1127 440 1165 e.
460 1113 566 1181 sumus)
585 1113 614 1165 et
636 1110 724 1164 libros
747 1111 910 1180 hypocratis
933 1111 1077 1166 habemus.

63 1183 140 1252 quod
162 1182 212 1236 ille
236 1181 310 1235 dixit
332 1180 411 1236 utile.
435 1181 588 1250 probatum
610 1183 746 1236 tenemus.
775 1182 852 1250 quod
874 1198 941 1236 vero
959 1181 1009 1236 ille
1028 1184 1079 1236 aut

61 1254 155 1307 minus
175 1255 225 1306 aut
239 1253 356 1308 obscure
376 1251 455 1306 dixit.
475 1269 527 1306 nos
546 1251 733 1306 aelucidando
747 1251 961 1306 transcribimus
975 1255 1007 1306 ut
1021 1269 1078 1306 me-

62 1324 117 1377 lius
140 1322 262 1392 legentis
285 1322 443 1392 intellegat.
472 1324 550 1391 quod
576 1322 618 1377 ibi
641 1322 752 1392 aliquid
777 1324 915 1378 addamus
939 1341 973 1378 ex
996 1322 1077 1377 libris

63 1393 153 1448 sancti
172 1392 314 1461 ysidori.
341 1395 392 1447 aut
411 1392 502 1447 sancti
522 1393 709 1463 augustini.
734 1398 785 1448 aut
804 1394 895 1449 sancti
913 1394 1076 1464 gregorii.

64 1466 115 1518 aut
132 1463 208 1517 luce
234 1463 437 1532 euuangeliste.
461 1463 529 1531 quia
552 1464 607 1518 toti
630 1463 680 1518 isti
704 1464 738 1519 de
757 1467 818 1520 arte
836 1465 978 1520 medicina
995 1465 1078 1534 plura

63 1535 250 1589 dictaverunt.
283 1533 424 1590 credentis
453 1534 535 1588 nobis
568 1535 732 1589 adfuturam
763 1538 825 1604 (cic)
854 1536 960 1590 domini
987 1535 1078 1590 nostri

62 1606 113 1659 ihu
131 1612 180 1674 ip‘i
199 1604 343 1661 auxilium.
364 1607 396 1660 ut
414 1608 510 1659 tamen
524 1605 624 1676 melius
643 1606 773 1675 proficiat
792 1607 862 1661 artis
880 1611 993 1662 nostrae
1013 1623 1078 1675 ope·

62 1675 144 1758 ratio.
169 1679 276 1745 quanto
296 1677 333 1730 ab
357 1675 459 1745 ecqui
483 1680 526 1730 est
549 1676 874 1760 omnipotensemedicus
897 1678 965 1732 libri
988 1676 1078 1732 nostri

64 1750 242 1874 eomibiiiiii
260 1748 890 1888 iibiiimearbiiginbnilgiiiiubombixilliii
909 1818 1077 1887 augustiuus

63 1890 163 1944 scribit
187 1891 221 1944 dc
244 1905 360 1944 numero
383 1888 509 1957 loquens.
535 1889 645 1944 senario
665 1897 711 1945 etc.
732 1893 867 1960 (sequitur
885 1891 917 1944 dc
935 1906 1079 1958 operarer

62 1963 169 2017 dieram
187 1963 339 2030 dispatoitio
357 1962 389 2015 da
407 1977 462 2030 qao
480 1962 542 2029 ipsa
560 1977 629 2030 qaae
646 1962 769 2030 sequitur
787 1959 949 2030 hypocratis
964 1961 1079 2029 epistola

62 2035 164 2088 citatam
181 2033 202 2099 f.
218 2035 270 2086 3⁶1
288 2049 313 2086 o.
329 2035 355 2098 6,
374 2032 471 2086 deinde
485 2033 517 2086 dc
531 2038 660 2101 qwduor
675 2034 811 2088 elementis
829 2049 862 2087 ce
876 2033 974 2101 quibas
991 2032 1078 2097 bomo,

62 2108 143 2172 atquc
161 2119 195 2157 ec
212 2102 322 2157 Isidoro
337 2103 461 2170 plurimo
479 2103 511 2156 de
526 2103 652 2171 partiam
673 2105 794 2173 corporis
807 2104 923 2158 baccas·
939 2103 1079 2156 cocobab's

62 2174 245 2240 fi301-5a2
264 2174 313 2227 abi
335 2172 387 2225 hec
411 2172 446 2226 dc
470 2172 594 2241 corporis
617 2172 749 2227 membris
772 2172 819 2228 vel
841 2171 988 2227 vocabulis
1008 2170 1078 2225 dicti

62 2246 137 2312 sunt,
157 2244 255 2298 deinde
273 2243 305 2297 dc
323 2244 458 2298 aaatbas
531 2245 583 2299 des.
603 2246 623 2311 f.
640 2249 691 2300 5b1
711 2243 778 2312 quia
792 2244 849 2298 ista
863 2245 943 2298 aetas
957 2260 1014 2297 non
1027 2243 1078 2296 ha·

62 2314 112 2370 bet
140 2313 219 2368 aliud
246 2312 397 2368 terminum
424 2313 481 2368 nisi
503 2313 602 2368 mortis
630 2314 749 2371 exitum:
777 2314 908 2384 Epistola
934 2312 1078 2383 ypocratis

64 2389 127 2455 (seq.
147 2402 215 2456 qaae
233 2389 339 2455 sopra).
516 2456 622 2525 Im)

134 2635 159 2701 ⁸)
181 2634 226 2689 Dc
249 2633 329 2689 Laco
351 2634 452 2690 medico
473 2635 528 2690 oid.
554 2634 702 2702 Horaocb,
721 2634 932 2691 Mediciaiscbes
957 2649 1009 2687 aas
1031 2632 1079 2686 der

63 2707 112 2761 dit.
132 2705 339 2776 Kircbcapeccb.
356 2705 411 2772 Iff.
428 2705 525 2772 (Teate
543 2723 571 2760 a.
591 2705 666 2761 Uats.
687 2706 770 2775 VIII,
784 2711 810 2774 4,
825 2710 862 2762 37
870 2706 921 2773 ff).

463 2992 676 2999 ...Q-.—
