<?xml version="1.0" encoding="UTF-8"?>
<!DOCTYPE html PUBLIC "-//W3C//DTD XHTML 1.0 Transitional//EN"
    "http://www.w3.org/TR/xhtml1/DTD/xhtml1-transitional.dtd">
<html xmlns="http://www.w3.org/1999/xhtml" xml:lang="en" lang="en">
 <head>
  <title>
</title>
<meta http-equiv="Content-Type" content="text/html;charset=utf-8" />
  <meta name='ocr-system' content='tesseract 3.04.00' />
  <meta name='ocr-capabilities' content='ocr_page ocr_carea ocr_par ocr_line ocrx_word'/>
</head>
<body>
  <div class='ocr_page' id='page_1' title='image "./theodoripriscia00rosegoog_0090.png"; bbox 0 0 2310 3864; ppageno 0'>
   <div class='ocr_carea' id='block_1_1' title="bbox 311 136 1074 202">
    <p class='ocr_par' dir='ltr' id='par_1_1' title="bbox 311 136 1074 202">
     <span class='ocr_line' id='line_1_1' title="bbox 311 136 1074 202; baseline 0.005 -12"><span class='ocrx_word' id='word_1_1' title='bbox 311 139 540 193; x_wconf 80' lang='lat' dir='ltr'><strong>EUPORISTON</strong></span> <span class='ocrx_word' id='word_1_2' title='bbox 557 140 815 193; x_wconf 71' lang='lat' dir='ltr'><strong>maenomenon,</strong></span> <span class='ocrx_word' id='word_1_3' title='bbox 1031 136 1074 202; x_wconf 67' lang='grc' dir='ltr'><strong>Μ</strong></span> 
     </span>
    </p>
   </div>
   <div class='ocr_carea' id='block_1_2' title="bbox 86 405 1044 575">
    <p class='ocr_par' dir='ltr' id='par_1_2' title="bbox 86 405 1044 575">
     <span class='ocr_line' id='line_1_2' title="bbox 86 405 1044 488; baseline 0.002 -19"><span class='ocrx_word' id='word_1_4' title='bbox 86 405 185 469; x_wconf 82' lang='lat' dir='ltr'><strong>XVIII.</strong></span> <span class='ocrx_word' id='word_1_5' title='bbox 222 407 268 468; x_wconf 81' lang='lat' dir='ltr'><strong>Ile</strong></span> <span class='ocrx_word' id='word_1_6' title='bbox 296 410 446 469; x_wconf 91' lang='lat' dir='ltr'><strong>minutis</strong></span> <span class='ocrx_word' id='word_1_7' title='bbox 473 408 616 488; x_wconf 89' lang='lat' dir='ltr'><strong>papulis</strong></span> <span class='ocrx_word' id='word_1_8' title='bbox 644 410 680 468; x_wconf 92' lang='lat' dir='ltr'><strong>in</strong></span> <span class='ocrx_word' id='word_1_9' title='bbox 708 409 801 469; x_wconf 89' lang='lat' dir='ltr'><strong>facie</strong></span> <span class='ocrx_word' id='word_1_10' title='bbox 830 408 885 468; x_wconf 84' lang='lat' dir='ltr'><strong>vel</strong></span> <span class='ocrx_word' id='word_1_11' title='bbox 912 409 1044 488; x_wconf 92' lang='lat' dir='ltr'><strong>ubique</strong></span> 
     </span>
     <span class='ocr_line' id='line_1_3' title="bbox 216 496 919 575; baseline 0 -18"><span class='ocrx_word' id='word_1_12' title='bbox 216 496 453 557; x_wconf 91' lang='lat' dir='ltr'><strong>nascentibus</strong></span> <span class='ocrx_word' id='word_1_13' title='bbox 477 515 563 575; x_wconf 91' lang='lat' dir='ltr'><strong>quas</strong></span> <span class='ocrx_word' id='word_1_14' title='bbox 586 498 734 557; x_wconf 91' lang='lat' dir='ltr'><strong>ionthus</strong></span> <span class='ocrx_word' id='word_1_15' title='bbox 758 498 919 558; x_wconf 80' lang='lat' dir='ltr'>dicimus.</span> 
     </span>
    </p>
   </div>
   <div class='ocr_carea' id='block_1_3' title="bbox 55 600 1130 1919">
    <p class='ocr_par' dir='ltr' id='par_1_3' title="bbox 55 600 1129 1372">
     <span class='ocr_line' id='line_1_4' title="bbox 149 600 1129 682; baseline 0.001 -18"><span class='ocrx_word' id='word_1_16' title='bbox 149 603 271 664; x_wconf 90' lang='lat' dir='ltr'><strong>Ionthos</strong></span> <span class='ocrx_word' id='word_1_17' title='bbox 300 602 463 682; x_wconf 89' lang='lat' dir='ltr'><strong>appellatur</strong></span> <span class='ocrx_word' id='word_1_18' title='bbox 487 605 539 682; x_wconf 92' lang='lat' dir='ltr'><strong>qui</strong></span> <span class='ocrx_word' id='word_1_19' title='bbox 566 606 597 662; x_wconf 93' lang='lat' dir='ltr'><strong>in</strong></span> <span class='ocrx_word' id='word_1_20' title='bbox 626 604 700 664; x_wconf 90' lang='lat' dir='ltr'><strong>facie</strong></span> <span class='ocrx_word' id='word_1_21' title='bbox 724 622 812 682; x_wconf 94' lang='lat' dir='ltr'><strong>qnam</strong></span> <span class='ocrx_word' id='word_1_22' title='bbox 835 605 962 664; x_wconf 82' lang='lat' dir='ltr'><strong>maxime</strong></span> <span class='ocrx_word' id='word_1_23' title='bbox 986 603 1077 663; x_wconf 91' lang='lat' dir='ltr'><strong>veluti</strong></span> <span class='ocrx_word' id='word_1_24' title='bbox 1085 600 1129 665; x_wconf 83' lang='lat'><strong>55</strong></span> 
     </span>
     <span class='ocr_line' id='line_1_5' title="bbox 58 691 1076 773; baseline -0.001 -20"><span class='ocrx_word' id='word_1_25' title='bbox 58 692 258 754; x_wconf 87' lang='lat' dir='ltr'><strong>brevissimus</strong></span> <span class='ocrx_word' id='word_1_26' title='bbox 281 698 380 752; x_wconf 91' lang='lat' dir='ltr'><strong>tumor</strong></span> <span class='ocrx_word' id='word_1_27' title='bbox 403 694 568 752; x_wconf 82' lang='lat' dir='ltr'><strong>innascitur</strong></span> <span class='ocrx_word' id='word_1_28' title='bbox 590 693 775 773; x_wconf 68' lang='lat' dir='ltr'><strong>repentinus</strong></span> <span class='ocrx_word' id='word_1_29' title='bbox 798 693 850 770; x_wconf 87' lang='lat' dir='ltr'><strong>qui</strong></span> <span class='ocrx_word' id='word_1_30' title='bbox 871 710 1006 753; x_wconf 90' lang='lat' dir='ltr'><strong>umorem</strong></span> <span class='ocrx_word' id='word_1_31' title='bbox 1025 691 1076 752; x_wconf 91' lang='lat' dir='ltr'><strong>ali·</strong></span> 
     </span>
     <span class='ocr_line' id='line_1_6' title="bbox 58 779 1116 861; baseline -0.005 -20"><span class='ocrx_word' id='word_1_32' title='bbox 58 779 180 860; x_wconf 91' lang='lat' dir='ltr'><strong>qnando</strong></span> <span class='ocrx_word' id='word_1_33' title='bbox 198 782 341 859; x_wconf 80' lang='lat' dir='ltr'><strong>pinguem</strong></span> <span class='ocrx_word' id='word_1_34' title='bbox 365 779 522 859; x_wconf 92' lang='lat' dir='ltr'><strong>aliquando</strong></span> <span class='ocrx_word' id='word_1_35' title='bbox 546 783 729 859; x_wconf 77' lang='lat' dir='ltr'><strong>aquationem</strong></span> <span class='ocrx_word' id='word_1_36' title='bbox 748 782 870 861; x_wconf 84' lang='lat' dir='ltr'><strong>emittIt,</strong></span> <span class='ocrx_word' id='word_1_37' title='bbox 893 783 1028 860; x_wconf 90' lang='lat' dir='ltr'><strong>pruritus</strong></span> <span class='ocrx_word' id='word_1_38' title='bbox 1047 786 1077 840; x_wconf 88' lang='lat' dir='ltr'><strong>et</strong></span> <span class='ocrx_word' id='word_1_39' title='bbox 1103 795 1116 836; x_wconf 85' lang='grc' dir='ltr'>ο</span> 
     </span>
     <span class='ocr_line' id='line_1_7' title="bbox 58 868 1076 948; baseline -0.001 -19"><span class='ocrx_word' id='word_1_40' title='bbox 58 869 283 929; x_wconf 86' lang='lat' dir='ltr'><strong>vulnerationes</strong></span> <span class='ocrx_word' id='word_1_41' title='bbox 301 874 449 947; x_wconf 89' lang='lat' dir='ltr'><strong>procurat.</strong></span> <span class='ocrx_word' id='word_1_42' title='bbox 490 868 539 929; x_wconf 93' lang='lat' dir='ltr'><strong>hic</strong></span> <span class='ocrx_word' id='word_1_43' title='bbox 559 869 686 948; x_wconf 80' lang='lat' dir='ltr'><strong>oxymeli</strong></span> <span class='ocrx_word' id='word_1_44' title='bbox 704 888 740 929; x_wconf 87' lang='lat' dir='ltr'><strong>ex</strong></span> <span class='ocrx_word' id='word_1_45' title='bbox 759 871 821 929; x_wconf 89' lang='lat' dir='ltr'><strong>acri</strong></span> <span class='ocrx_word' id='word_1_46' title='bbox 839 875 922 929; x_wconf 91' lang='lat' dir='ltr'><strong>aceto</strong></span> <span class='ocrx_word' id='word_1_47' title='bbox 942 875 971 929; x_wconf 89' lang='lat' dir='ltr'><strong>et</strong></span> <span class='ocrx_word' id='word_1_48' title='bbox 989 868 1076 929; x_wconf 90' lang='lat' dir='ltr'><strong>melle</strong></span> 
     </span>
     <span class='ocr_line' id='line_1_8' title="bbox 59 955 1076 1036; baseline -0.003 -17"><span class='ocrx_word' id='word_1_49' title='bbox 59 959 167 1036; x_wconf 89' lang='lat' dir='ltr'><strong>aequis</strong></span> <span class='ocrx_word' id='word_1_50' title='bbox 190 955 373 1036; x_wconf 86' lang='lat' dir='ltr'><strong>ponderibus</strong></span> <span class='ocrx_word' id='word_1_51' title='bbox 393 957 526 1017; x_wconf 90' lang='lat' dir='ltr'><strong>confecto</strong></span> <span class='ocrx_word' id='word_1_52' title='bbox 546 958 696 1036; x_wconf 78' lang='lat' dir='ltr'><strong>frequenti</strong></span> <span class='ocrx_word' id='word_1_53' title='bbox 715 958 927 1018; x_wconf 78' lang='lat' dir='ltr'><strong>confricatione</strong></span> <span class='ocrx_word' id='word_1_54' title='bbox 947 964 1076 1018; x_wconf 90' lang='lat' dir='ltr'><strong>curatur.</strong></span> 
     </span>
     <span class='ocr_line' id='line_1_9' title="bbox 58 1044 1076 1124; baseline -0.002 -18"><span class='ocrx_word' id='word_1_55' title='bbox 58 1053 93 1107; x_wconf 88' lang='lat' dir='ltr'><strong>et</strong></span> <span class='ocrx_word' id='word_1_56' title='bbox 116 1044 267 1124; x_wconf 78' lang='lat' dir='ltr'><strong>amygdala</strong></span> <span class='ocrx_word' id='word_1_57' title='bbox 291 1063 389 1105; x_wconf 91' lang='lat' dir='ltr'><strong>amara</strong></span> <span class='ocrx_word' id='word_1_58' title='bbox 414 1063 481 1105; x_wconf 93' lang='lat' dir='ltr'><strong>cum</strong></span> <span class='ocrx_word' id='word_1_59' title='bbox 504 1051 587 1105; x_wconf 90' lang='lat' dir='ltr'><strong>aceto</strong></span> <span class='ocrx_word' id='word_1_60' title='bbox 612 1048 673 1106; x_wconf 92' lang='lat' dir='ltr'><strong>acri</strong></span> <span class='ocrx_word' id='word_1_61' title='bbox 696 1047 824 1106; x_wconf 90' lang='lat' dir='ltr'><strong>contrita</strong></span> <span class='ocrx_word' id='word_1_62' title='bbox 847 1045 985 1106; x_wconf 89' lang='lat' dir='ltr'><strong>similiter</strong></span> <span class='ocrx_word' id='word_1_63' title='bbox 1008 1063 1076 1124; x_wconf 90' lang='lat' dir='ltr'><strong>ope-</strong></span> 
     </span>
     <span class='ocr_line' id='line_1_10' title="bbox 58 1132 1076 1195; baseline -0.001 -1"><span class='ocrx_word' id='word_1_64' title='bbox 58 1140 175 1194; x_wconf 89' lang='lat' dir='ltr'><strong>rantur.</strong></span> <span class='ocrx_word' id='word_1_65' title='bbox 221 1151 289 1193; x_wconf 88' lang='lat' dir='ltr'><strong>nam</strong></span> <span class='ocrx_word' id='word_1_66' title='bbox 313 1139 343 1193; x_wconf 88' lang='lat' dir='ltr'><strong>et</strong></span> <span class='ocrx_word' id='word_1_67' title='bbox 365 1135 487 1194; x_wconf 90' lang='lat' dir='ltr'><strong>trocisci</strong></span> <span class='ocrx_word' id='word_1_68' title='bbox 510 1151 544 1193; x_wconf 92' lang='lat' dir='ltr'><strong>ex</strong></span> <span class='ocrx_word' id='word_1_69' title='bbox 569 1132 625 1194; x_wconf 91' lang='lat' dir='ltr'><strong>hoc</strong></span> <span class='ocrx_word' id='word_1_70' title='bbox 649 1134 777 1193; x_wconf 89' lang='lat' dir='ltr'><strong>confecti</strong></span> <span class='ocrx_word' id='word_1_71' title='bbox 795 1141 825 1195; x_wconf 89' lang='lat' dir='ltr'><strong>et</strong></span> <span class='ocrx_word' id='word_1_72' title='bbox 843 1136 875 1193; x_wconf 90' lang='lat' dir='ltr'><strong>in</strong></span> <span class='ocrx_word' id='word_1_73' title='bbox 893 1141 975 1194; x_wconf 87' lang='lat' dir='ltr'><strong>aceto</strong></span> <span class='ocrx_word' id='word_1_74' title='bbox 995 1151 1076 1193; x_wconf 89' lang='lat' dir='ltr'><strong>reso-</strong></span> 
     </span>
     <span class='ocr_line' id='line_1_11' title="bbox 57 1221 1118 1300; baseline -0.007 -17"><span class='ocrx_word' id='word_1_75' title='bbox 57 1222 119 1283; x_wconf 92' lang='lat' dir='ltr'><strong>luti</strong></span> <span class='ocrx_word' id='word_1_76' title='bbox 145 1221 310 1282; x_wconf 89' lang='lat' dir='ltr'><strong>medentur.</strong></span> <span class='ocrx_word' id='word_1_77' title='bbox 356 1228 425 1300; x_wconf 85' lang='lat' dir='ltr'><strong>post</strong></span> <span class='ocrx_word' id='word_1_78' title='bbox 448 1239 519 1281; x_wconf 85' lang='lat' dir='ltr'><strong>vero</strong></span> <span class='ocrx_word' id='word_1_79' title='bbox 544 1229 684 1300; x_wconf 91' lang='lat' dir='ltr'><strong>saponata</strong></span> <span class='ocrx_word' id='word_1_80' title='bbox 711 1222 807 1282; x_wconf 84' lang='lat' dir='ltr'><strong>lavare</strong></span> <span class='ocrx_word' id='word_1_81' title='bbox 831 1222 984 1282; x_wconf 89' lang='lat' dir='ltr'><strong>linimenta</strong></span> <span class='ocrx_word' id='word_1_82' title='bbox 1008 1240 1076 1282; x_wconf 90' lang='lat' dir='ltr'><strong>con·</strong></span> <span class='ocrx_word' id='word_1_83' title='bbox 1092 1235 1118 1277; x_wconf 99' lang='grc' dir='ltr'><strong>ιο</strong></span> 
     </span>
     <span class='ocr_line' id='line_1_12' title="bbox 55 1311 170 1372; baseline 0 -2"><span class='ocrx_word' id='word_1_84' title='bbox 55 1311 170 1372; x_wconf 86' lang='lat' dir='ltr'><strong>veniet</strong></span> 
     </span>
    </p>

    <p class='ocr_par' dir='ltr' id='par_1_4' title="bbox 57 1397 1130 1919">
     <span class='ocr_line' id='line_1_13' title="bbox 153 1397 1130 1480; baseline 0.004 -22"><span class='ocrx_word' id='word_1_85' title='bbox 153 1400 271 1458; x_wconf 86' lang='lat' dir='ltr'><strong>sivero</strong></span> <span class='ocrx_word' id='word_1_86' title='bbox 295 1398 387 1459; x_wconf 84' lang='lat' dir='ltr'><strong>veluti</strong></span> <span class='ocrx_word' id='word_1_87' title='bbox 410 1397 614 1458; x_wconf 83' lang='lat' dir='ltr'><strong>exanthemata</strong></span> <span class='ocrx_word' id='word_1_88' title='bbox 638 1417 711 1477; x_wconf 88' lang='lat' dir='ltr'><strong>quas</strong></span> <span class='ocrx_word' id='word_1_89' title='bbox 740 1399 855 1459; x_wconf 82' lang='lat' dir='ltr'><strong>scabies</strong></span> <span class='ocrx_word' id='word_1_90' title='bbox 879 1399 1019 1480; x_wconf 79' lang='lat' dir='ltr'><strong>dicimus,</strong></span> <span class='ocrx_word' id='word_1_91' title='bbox 1046 1397 1130 1462; x_wconf 73' lang='lat' dir='ltr'><strong>into</strong></span> 
     </span>
     <span class='ocr_line' id='line_1_14' title="bbox 58 1485 1076 1567; baseline 0 -19"><span class='ocrx_word' id='word_1_92' title='bbox 58 1488 139 1548; x_wconf 89' lang='lat' dir='ltr'><strong>facie</strong></span> <span class='ocrx_word' id='word_1_93' title='bbox 163 1485 209 1546; x_wconf 84' lang='lat' dir='ltr'><strong>vel</strong></span> <span class='ocrx_word' id='word_1_94' title='bbox 232 1488 317 1565; x_wconf 83' lang='lat' dir='ltr'><strong>genis</strong></span> <span class='ocrx_word' id='word_1_95' title='bbox 341 1505 377 1546; x_wconf 88' lang='lat' dir='ltr'><strong>ex</strong></span> <span class='ocrx_word' id='word_1_96' title='bbox 400 1494 538 1546; x_wconf 85' lang='lat' dir='ltr'><strong>umorum</strong></span> <span class='ocrx_word' id='word_1_97' title='bbox 561 1487 699 1547; x_wconf 86' lang='lat' dir='ltr'><strong>acredine</strong></span> <span class='ocrx_word' id='word_1_98' title='bbox 718 1487 764 1547; x_wconf 87' lang='lat' dir='ltr'><strong>vel</strong></span> <span class='ocrx_word' id='word_1_99' title='bbox 784 1488 969 1566; x_wconf 89' lang='lat' dir='ltr'><strong>plenitudine</strong></span> <span class='ocrx_word' id='word_1_100' title='bbox 989 1506 1076 1567; x_wconf 88' lang='lat' dir='ltr'><strong>appa-</strong></span> 
     </span>
     <span class='ocr_line' id='line_1_15' title="bbox 57 1574 1076 1654; baseline 0.001 -19"><span class='ocrx_word' id='word_1_101' title='bbox 57 1576 193 1654; x_wconf 84' lang='lat' dir='ltr'><strong>ruerim,</strong></span> <span class='ocrx_word' id='word_1_102' title='bbox 224 1574 352 1635; x_wconf 90' lang='lat' dir='ltr'><strong>hederae</strong></span> <span class='ocrx_word' id='word_1_103' title='bbox 385 1576 511 1653; x_wconf 82' lang='lat' dir='ltr'><strong>agrestis</strong></span> <span class='ocrx_word' id='word_1_104' title='bbox 544 1574 612 1634; x_wconf 88' lang='lat' dir='ltr'><strong>folia</strong></span> <span class='ocrx_word' id='word_1_105' title='bbox 645 1594 713 1634; x_wconf 93' lang='lat' dir='ltr'><strong>cum</strong></span> <span class='ocrx_word' id='word_1_106' title='bbox 744 1575 832 1636; x_wconf 89' lang='lat' dir='ltr'><strong>melle</strong></span> <span class='ocrx_word' id='word_1_107' title='bbox 865 1579 990 1637; x_wconf 89' lang='lat' dir='ltr'><strong>contrita</strong></span> <span class='ocrx_word' id='word_1_108' title='bbox 1023 1595 1076 1654; x_wconf 91' lang='lat' dir='ltr'><strong>pro</strong></span> 
     </span>
     <span class='ocr_line' id='line_1_16' title="bbox 58 1661 1117 1725; baseline -0.003 -1"><span class='ocrx_word' id='word_1_109' title='bbox 58 1664 220 1724; x_wconf 89' lang='lat' dir='ltr'><strong>linimento</strong></span> <span class='ocrx_word' id='word_1_110' title='bbox 248 1661 414 1723; x_wconf 88' lang='lat' dir='ltr'><strong>adhibenda</strong></span> <span class='ocrx_word' id='word_1_111' title='bbox 442 1669 538 1722; x_wconf 90' lang='lat' dir='ltr'><strong>erunt.</strong></span> <span class='ocrx_word' id='word_1_112' title='bbox 584 1669 634 1723; x_wconf 93' lang='lat' dir='ltr'><strong>aut</strong></span> <span class='ocrx_word' id='word_1_113' title='bbox 657 1670 738 1723; x_wconf 90' lang='lat' dir='ltr'><strong>certe</strong></span> <span class='ocrx_word' id='word_1_114' title='bbox 762 1663 852 1725; x_wconf 92' lang='lat' dir='ltr'><strong>alium</strong></span> <span class='ocrx_word' id='word_1_115' title='bbox 876 1683 943 1725; x_wconf 91' lang='lat' dir='ltr'><strong>oum</strong></span> <span class='ocrx_word' id='word_1_116' title='bbox 967 1663 1077 1725; x_wconf 92' lang='lat' dir='ltr'><strong>salibus</strong></span> <span class='ocrx_word' id='word_1_117' title='bbox 1092 1680 1117 1721; x_wconf 85' lang='grc' dir='ltr'><strong>ιο</strong></span> 
     </span>
     <span class='ocr_line' id='line_1_17' title="bbox 59 1750 1077 1831; baseline 0.001 -19"><span class='ocrx_word' id='word_1_118' title='bbox 59 1753 169 1813; x_wconf 88' lang='lat' dir='ltr'><strong>tritum</strong></span> <span class='ocrx_word' id='word_1_119' title='bbox 191 1753 285 1811; x_wconf 90' lang='lat' dir='ltr'><strong>mixto</strong></span> <span class='ocrx_word' id='word_1_120' title='bbox 309 1751 373 1810; x_wconf 91' lang='lat' dir='ltr'><strong>oleo</strong></span> <span class='ocrx_word' id='word_1_121' title='bbox 392 1768 479 1811; x_wconf 91' lang='lat' dir='ltr'><strong>roseo</strong></span> <span class='ocrx_word' id='word_1_122' title='bbox 500 1750 637 1811; x_wconf 88' lang='lat' dir='ltr'><strong>similiter</strong></span> <span class='ocrx_word' id='word_1_123' title='bbox 656 1750 821 1812; x_wconf 87' lang='lat' dir='ltr'><strong>adhibetur.</strong></span> <span class='ocrx_word' id='word_1_124' title='bbox 859 1755 902 1813; x_wconf 91' lang='lat' dir='ltr'><strong>sic</strong></span> <span class='ocrx_word' id='word_1_125' title='bbox 921 1752 1077 1831; x_wconf 83' lang='lat' dir='ltr'><strong>galbanum</strong></span> 
     </span>
     <span class='ocr_line' id='line_1_18' title="bbox 58 1838 1077 1919; baseline 0 -19"><span class='ocrx_word' id='word_1_126' title='bbox 58 1840 129 1901; x_wconf 91' lang='lat' dir='ltr'><strong>oleo</strong></span> <span class='ocrx_word' id='word_1_127' title='bbox 152 1839 326 1919; x_wconf 84' lang='lat' dir='ltr'><strong>resolutum,</strong></span> <span class='ocrx_word' id='word_1_128' title='bbox 350 1842 393 1900; x_wconf 91' lang='lat' dir='ltr'><strong>sic</strong></span> <span class='ocrx_word' id='word_1_129' title='bbox 417 1840 482 1899; x_wconf 89' lang='lat' dir='ltr'><strong>faex</strong></span> <span class='ocrx_word' id='word_1_130' title='bbox 505 1841 567 1899; x_wconf 90' lang='lat' dir='ltr'><strong>vini</strong></span> <span class='ocrx_word' id='word_1_131' title='bbox 590 1845 620 1899; x_wconf 92' lang='lat' dir='ltr'><strong>et</strong></span> <span class='ocrx_word' id='word_1_132' title='bbox 641 1841 696 1898; x_wconf 89' lang='lat' dir='ltr'><strong>iris</strong></span> <span class='ocrx_word' id='word_1_133' title='bbox 720 1838 841 1919; x_wconf 83' lang='lat' dir='ltr'><strong>illyrica,</strong></span> <span class='ocrx_word' id='word_1_134' title='bbox 864 1846 988 1919; x_wconf 91' lang='lat' dir='ltr'><strong>utraque</strong></span> <span class='ocrx_word' id='word_1_135' title='bbox 1008 1859 1077 1900; x_wconf 90' lang='lat' dir='ltr'><strong>con-</strong></span> 
     </span>
    </p>
   </div>
   <div class='ocr_carea' id='block_1_4' title="bbox 58 1927 1078 2013">
    <p class='ocr_par' dir='ltr' id='par_1_5' title="bbox 58 1927 1078 2013">
     <span class='ocr_line' id='line_1_19' title="bbox 58 1927 1078 2013; baseline -0.003 -23"><span class='ocrx_word' id='word_1_136' title='bbox 58 1937 131 1990; x_wconf 89' lang='lat' dir='ltr'><strong>tusa</strong></span> <span class='ocrx_word' id='word_1_137' title='bbox 154 1935 270 2013; x_wconf 80' lang='lat' dir='ltr'><strong>etcum</strong></span> <span class='ocrx_word' id='word_1_138' title='bbox 289 1927 354 1988; x_wconf 92' lang='lat' dir='ltr'><strong>oleo</strong></span> <span class='ocrx_word' id='word_1_139' title='bbox 373 1945 459 1988; x_wconf 92' lang='lat' dir='ltr'><strong>roseo</strong></span> <span class='ocrx_word' id='word_1_140' title='bbox 479 1928 638 1988; x_wconf 88' lang='lat' dir='ltr'><strong>commixta</strong></span> <span class='ocrx_word' id='word_1_141' title='bbox 661 1927 806 1987; x_wconf 89' lang='lat' dir='ltr'><strong>medetur.</strong></span> <span class='ocrx_word' id='word_1_142' title='bbox 843 1934 873 1987; x_wconf 89' lang='lat' dir='ltr'><strong>et</strong></span> <span class='ocrx_word' id='word_1_143' title='bbox 891 1928 990 1988; x_wconf 89' lang='lat' dir='ltr'><strong>cedria</strong></span> <span class='ocrx_word' id='word_1_144' title='bbox 1010 1946 1078 1987; x_wconf 88' lang='lat' dir='ltr'><strong>cum</strong></span> 
     </span>
    </p>
   </div>
   <div class='ocr_carea' id='block_1_5' title="bbox 58 2147 1111 3552">
    <p class='ocr_par' dir='ltr' id='par_1_6' title="bbox 58 2147 1111 3552">
     <span class='ocr_line' id='line_1_20' title="bbox 135 2147 1077 2220; baseline -0.002 -17"><span class='ocrx_word' id='word_1_145' title='bbox 135 2155 149 2203; x_wconf 92' lang='lat'>1</span> <span class='ocrx_word' id='word_1_146' title='bbox 174 2152 214 2206; x_wconf 81' lang='lat' dir='ltr'><strong>sic</strong></span> <span class='ocrx_word' id='word_1_147' title='bbox 236 2153 281 2220; x_wconf 87' lang='lat' dir='ltr'><strong>(et</strong></span> <span class='ocrx_word' id='word_1_148' title='bbox 299 2166 352 2220; x_wconf 68' lang='lat' dir='ltr'><strong>pro</strong></span> <span class='ocrx_word' id='word_1_149' title='bbox 380 2150 426 2203; x_wconf 89' lang='lat' dir='ltr'><strong>vel</strong></span> <span class='ocrx_word' id='word_1_150' title='bbox 447 2153 473 2219; x_wconf 83' lang='lat' dir='ltr'><strong>r)</strong></span> <span class='ocrx_word' id='word_1_151' title='bbox 496 2152 539 2206; x_wconf 82' lang='lat' dir='ltr'><strong>tit.</strong></span> <span class='ocrx_word' id='word_1_152' title='bbox 564 2152 597 2204; x_wconf 83' lang='grc' dir='ltr'><strong>οόι</strong></span> <span class='ocrx_word' id='word_1_153' title='bbox 615 2151 721 2206; x_wconf 72' lang='lat' dir='ltr'><strong>rbGel.</strong></span> <span class='ocrx_word' id='word_1_154' title='bbox 741 2149 870 2219; x_wconf 88' lang='lat' dir='ltr'><strong>(ionthus</strong></span> <span class='ocrx_word' id='word_1_155' title='bbox 894 2149 965 2205; x_wconf 77' lang='lat' dir='ltr'><strong>Get:</strong></span> <span class='ocrx_word' id='word_1_156' title='bbox 989 2147 1077 2218; x_wconf 86' lang='lat' dir='ltr'><strong>yctio⁹</strong></span> 
     </span>
     <span class='ocr_line' id='line_1_21' title="bbox 59 2219 1078 2290; baseline -0.004 -13"><span class='ocrx_word' id='word_1_157' title='bbox 59 2225 79 2277; x_wconf 84' lang='grc' dir='ltr'>ι’.</span> <span class='ocrx_word' id='word_1_158' title='bbox 100 2238 122 2276; x_wconf 83' lang='lat' dir='ltr'><strong>e.</strong></span> <span class='ocrx_word' id='word_1_159' title='bbox 141 2220 293 2290; x_wconf 84' lang='lat' dir='ltr'><strong>yotericusl</strong></span> <span class='ocrx_word' id='word_1_160' title='bbox 348 2220 471 2289; x_wconf 70' lang='lat' dir='ltr'><strong>ayone&gt;</strong></span> <span class='ocrx_word' id='word_1_161' title='bbox 490 2237 558 2276; x_wconf 77' lang='lat' dir='ltr'><strong>corr.</strong></span> <span class='ocrx_word' id='word_1_162' title='bbox 578 2222 607 2276; x_wconf 81' lang='lat' dir='ltr'><strong>b:</strong></span> <span class='ocrx_word' id='word_1_163' title='bbox 637 2221 678 2275; x_wconf 90' lang='lat' dir='ltr'><strong>De</strong></span> <span class='ocrx_word' id='word_1_164' title='bbox 700 2219 814 2290; x_wconf 84' lang='lat' dir='ltr'><strong>papulis</strong></span> <span class='ocrx_word' id='word_1_165' title='bbox 838 2219 955 2274; x_wconf 88' lang='lat' dir='ltr'><strong>minutis</strong></span> <span class='ocrx_word' id='word_1_166' title='bbox 973 2219 1078 2287; x_wconf 88' lang='lat' dir='ltr'><strong>ubique</strong></span> 
     </span>
     <span class='ocr_line' id='line_1_22' title="bbox 59 2290 1007 2362; baseline -0.004 -15"><span class='ocrx_word' id='word_1_167' title='bbox 59 2290 245 2347; x_wconf 84' lang='lat' dir='ltr'><strong>nascentibus</strong></span> <span class='ocrx_word' id='word_1_168' title='bbox 263 2292 287 2345; x_wconf 86' lang='lat' dir='ltr'>X</span> <span class='ocrx_word' id='word_1_169' title='bbox 342 2334 348 2347; x_wconf 92' lang='lat'><strong><em>.</em></strong></span> <span class='ocrx_word' id='word_1_170' title='bbox 367 2293 408 2360; x_wconf 85' lang='grc' dir='ltr'><strong>Β,</strong></span> <span class='ocrx_word' id='word_1_171' title='bbox 427 2293 461 2358; x_wconf 78' lang='lat' dir='ltr'><strong>cf.</strong></span> <span class='ocrx_word' id='word_1_172' title='bbox 480 2309 521 2362; x_wconf 72' lang='lat' dir='ltr'><strong>qr.</strong></span> <span class='ocrx_word' id='word_1_173' title='bbox 536 2310 567 2361; x_wconf 78' lang='lat' dir='ltr'><strong>p.</strong></span> <span class='ocrx_word' id='word_1_174' title='bbox 582 2296 639 2347; x_wconf 77' lang='lat'><strong>352</strong></span> <span class='ocrx_word' id='word_1_175' title='bbox 658 2291 734 2361; x_wconf 86' lang='lat' dir='ltr'><strong>(Gal.</strong></span> <span class='ocrx_word' id='word_1_176' title='bbox 750 2292 822 2358; x_wconf 86' lang='lat' dir='ltr'><strong>XII,</strong></span> <span class='ocrx_word' id='word_1_177' title='bbox 841 2295 907 2346; x_wconf 77' lang='lat'><strong><em>825.</em></strong></span> <span class='ocrx_word' id='word_1_178' title='bbox 927 2295 1007 2357; x_wconf 82' lang='lat'><em>827).</em></span> 
     </span>
     <span class='ocr_line' id='line_1_23' title="bbox 60 2361 1077 2432; baseline -0.002 -14"><span class='ocrx_word' id='word_1_179' title='bbox 60 2369 170 2431; x_wconf 66' lang='lat' dir='ltr'><strong>bquas</strong></span> <span class='ocrx_word' id='word_1_180' title='bbox 193 2361 211 2417; x_wconf 90' lang='lat' dir='ltr'><strong>i.</strong></span> <span class='ocrx_word' id='word_1_181' title='bbox 236 2363 262 2417; x_wconf 87' lang='lat' dir='ltr'><strong>d.</strong></span> <span class='ocrx_word' id='word_1_182' title='bbox 286 2379 336 2418; x_wconf 82' lang='lat' dir='ltr'><strong>om.</strong></span> <span class='ocrx_word' id='word_1_183' title='bbox 361 2363 388 2416; x_wconf 92' lang='lat' dir='ltr'><em>B</em></span> <span class='ocrx_word' id='word_1_184' title='bbox 410 2369 437 2416; x_wconf 85' lang='lat' dir='ltr'><strong>ct</strong></span> <span class='ocrx_word' id='word_1_185' title='bbox 462 2363 508 2417; x_wconf 82' lang='lat' dir='ltr'><strong>bic</strong></span> <span class='ocrx_word' id='word_1_186' title='bbox 535 2364 594 2432; x_wconf 79' lang='lat' dir='ltr'><strong>(qui</strong></span> <span class='ocrx_word' id='word_1_187' title='bbox 620 2364 770 2417; x_wconf 74' lang='lat' dir='ltr'><strong>adtectus</strong></span> <span class='ocrx_word' id='word_1_188' title='bbox 796 2363 909 2416; x_wconf 75' lang='lat' dir='ltr'><strong>bailium</strong></span> <span class='ocrx_word' id='word_1_189' title='bbox 936 2363 1032 2429; x_wconf 83' lang='lat' dir='ltr'><strong>trabit)</strong></span> <span class='ocrx_word' id='word_1_190' title='bbox 1054 2379 1077 2416; x_wconf 82' lang='lat' dir='ltr'><strong>r.</strong></span> 
     </span>
     <span class='ocr_line' id='line_1_24' title="bbox 59 2430 1076 2514; baseline -0.003 -26"><span class='ocrx_word' id='word_1_191' title='bbox 59 2439 76 2488; x_wconf 78' lang='grc'><strong>3</strong></span> <span class='ocrx_word' id='word_1_192' title='bbox 96 2432 213 2487; x_wconf 85' lang='lat' dir='ltr'><strong>Iontlros</strong></span> <span class='ocrx_word' id='word_1_193' title='bbox 231 2434 314 2503; x_wconf 78' lang='lat' dir='ltr'><strong>(eeu,</strong></span> <span class='ocrx_word' id='word_1_194' title='bbox 338 2431 427 2487; x_wconf 77' lang='lat' dir='ltr'><strong>Yort⁹</strong></span> <span class='ocrx_word' id='word_1_195' title='bbox 444 2435 565 2488; x_wconf 74' lang='lat' dir='ltr'><strong>incertus</strong></span> <span class='ocrx_word' id='word_1_196' title='bbox 579 2435 605 2502; x_wconf 86' lang='lat' dir='ltr'><strong>b)</strong></span> <span class='ocrx_word' id='word_1_197' title='bbox 629 2449 692 2514; x_wconf 75' lang='lat' dir='ltr'><strong>app.</strong></span> <span class='ocrx_word' id='word_1_198' title='bbox 717 2432 766 2501; x_wconf 91' lang='lat' dir='ltr'><strong>qui</strong></span> <span class='ocrx_word' id='word_1_199' title='bbox 790 2433 888 2488; x_wconf 57' lang='lat' dir='ltr'><strong>noeis</strong></span> <span class='ocrx_word' id='word_1_200' title='bbox 913 2430 1020 2497; x_wconf 83' lang='lat' dir='ltr'><strong>Quibus</strong></span> <span class='ocrx_word' id='word_1_201' title='bbox 1039 2433 1076 2501; x_wconf 85' lang='lat' dir='ltr'><strong>B,</strong></span> 
     </span>
     <span class='ocr_line' id='line_1_25' title="bbox 59 2502 1077 2586; baseline 0 -28"><span class='ocrx_word' id='word_1_202' title='bbox 59 2503 296 2584; x_wconf 70' lang='lat' dir='ltr'><strong>IontosdicImus</strong></span> <span class='ocrx_word' id='word_1_203' title='bbox 311 2503 413 2572; x_wconf 86' lang='lat' dir='ltr'><strong>quibus</strong></span> <span class='ocrx_word' id='word_1_204' title='bbox 427 2521 450 2558; x_wconf 81' lang='lat' dir='ltr'><strong>r.</strong></span> <span class='ocrx_word' id='word_1_205' title='bbox 505 2502 716 2584; x_wconf 69' lang='lat' dir='ltr'><strong>fbrevissrmus</strong></span> <span class='ocrx_word' id='word_1_206' title='bbox 731 2506 766 2586; x_wconf 69' lang='lat' dir='ltr'><strong>rb</strong></span> <span class='ocrx_word' id='word_1_207' title='bbox 775 2503 848 2585; x_wconf 54' lang='lat' dir='ltr'><strong>Gela</strong></span> <span class='ocrx_word' id='word_1_208' title='bbox 867 2502 1026 2557; x_wconf 82' lang='lat' dir='ltr'><strong>levissimus</strong></span> <span class='ocrx_word' id='word_1_209' title='bbox 1041 2504 1077 2558; x_wconf 89' lang='lat' dir='ltr'><strong>B.</strong></span> 
     </span>
     <span class='ocr_line' id='line_1_26' title="bbox 59 2573 1079 2716; baseline -0.002 -16"><span class='ocrx_word' id='word_1_210' title='bbox 59 2575 225 2715; x_wconf 59' lang='lat' dir='ltr'><strong>ntulit</strong></span> <span class='ocrx_word' id='word_1_211' title='bbox 240 2576 375 2716; x_wconf 44' lang='lat' dir='ltr'><strong>{fifh</strong></span> <span class='ocrx_word' id='word_1_212' title='bbox 393 2575 555 2713; x_wconf 53' lang='lat' dir='ltr'><strong>idaiae</strong></span> <span class='ocrx_word' id='word_1_213' title='bbox 580 2573 1079 2714; x_wconf 51' lang='lat' dir='ltr'><strong>ardullilithhhtttt</strong></span> 
     </span>
     <span class='ocr_line' id='line_1_27' title="bbox 59 2715 1079 2787; baseline -0.003 -16"><span class='ocrx_word' id='word_1_214' title='bbox 59 2717 110 2772; x_wconf 87' lang='lat' dir='ltr'><strong>rB</strong></span> <span class='ocrx_word' id='word_1_215' title='bbox 128 2718 173 2783; x_wconf 77' lang='lat' dir='ltr'><strong>(cf.</strong></span> <span class='ocrx_word' id='word_1_216' title='bbox 192 2733 233 2787; x_wconf 71' lang='lat' dir='ltr'><strong>qr.</strong></span> <span class='ocrx_word' id='word_1_217' title='bbox 253 2715 289 2786; x_wconf 80' lang='grc' dir='ltr'><strong>μὴ</strong></span> <span class='ocrx_word' id='word_1_218' title='bbox 309 2715 397 2786; x_wconf 79' lang='grc' dir='ltr'>μόνον</span> <span class='ocrx_word' id='word_1_219' title='bbox 415 2715 509 2784; x_wconf 78' lang='grc' dir='ltr'><strong><em>παχύν</em></strong></span> <span class='ocrx_word' id='word_1_220' title='bbox 519 2734 549 2784; x_wconf 81' lang='lat' dir='ltr'><strong>p.</strong></span> <span class='ocrx_word' id='word_1_221' title='bbox 560 2717 632 2784; x_wconf 81' lang='lat'>352).</span> <span class='ocrx_word' id='word_1_222' title='bbox 706 2720 722 2768; x_wconf 89' lang='grc'><strong>6</strong></span> <span class='ocrx_word' id='word_1_223' title='bbox 735 2717 869 2784; x_wconf 87' lang='lat' dir='ltr'><strong>procurat</strong></span> <span class='ocrx_word' id='word_1_224' title='bbox 881 2718 917 2771; x_wconf 84' lang='lat' dir='ltr'><strong>rb</strong></span> <span class='ocrx_word' id='word_1_225' title='bbox 929 2716 1001 2772; x_wconf 76' lang='lat' dir='ltr'><strong>Get:</strong></span> <span class='ocrx_word' id='word_1_226' title='bbox 1015 2731 1079 2785; x_wconf 84' lang='lat' dir='ltr'><strong>pro-</strong></span> 
     </span>
     <span class='ocr_line' id='line_1_28' title="bbox 61 2785 1078 2855; baseline -0.002 -15"><span class='ocrx_word' id='word_1_227' title='bbox 61 2802 194 2840; x_wconf 79' lang='lat' dir='ltr'><strong>curamus</strong></span> <span class='ocrx_word' id='word_1_228' title='bbox 213 2786 249 2840; x_wconf 90' lang='lat' dir='ltr'><strong>B.</strong></span> <span class='ocrx_word' id='word_1_229' title='bbox 365 2785 411 2840; x_wconf 92' lang='lat' dir='ltr'><strong>hic</strong></span> <span class='ocrx_word' id='word_1_230' title='bbox 432 2787 502 2842; x_wconf 58' lang='lat' dir='ltr'><strong>Gela</strong></span> <span class='ocrx_word' id='word_1_231' title='bbox 522 2785 567 2839; x_wconf 89' lang='lat' dir='ltr'><strong>his</strong></span> <span class='ocrx_word' id='word_1_232' title='bbox 585 2788 621 2841; x_wconf 84' lang='lat' dir='ltr'><strong>rb</strong></span> <span class='ocrx_word' id='word_1_233' title='bbox 641 2788 700 2855; x_wconf 85' lang='lat' dir='ltr'><strong>(om.</strong></span> <span class='ocrx_word' id='word_1_234' title='bbox 720 2787 765 2855; x_wconf 89' lang='lat' dir='ltr'><strong>B).</strong></span> <span class='ocrx_word' id='word_1_235' title='bbox 874 2788 904 2840; x_wconf 86' lang='lat' dir='ltr'><strong>et</strong></span> <span class='ocrx_word' id='word_1_236' title='bbox 920 2786 1078 2854; x_wconf 81' lang='lat' dir='ltr'><strong>melle—(8)</strong></span> 
     </span>
     <span class='ocr_line' id='line_1_29' title="bbox 60 2856 1077 2926; baseline -0.003 -14"><span class='ocrx_word' id='word_1_237' title='bbox 60 2856 121 2912; x_wconf 88' lang='lat' dir='ltr'><strong>acri</strong></span> <span class='ocrx_word' id='word_1_238' title='bbox 139 2873 190 2912; x_wconf 85' lang='lat' dir='ltr'><strong>om.</strong></span> <span class='ocrx_word' id='word_1_239' title='bbox 210 2874 232 2912; x_wconf 80' lang='lat' dir='ltr'><strong>r.</strong></span> <span class='ocrx_word' id='word_1_240' title='bbox 342 2864 356 2912; x_wconf 79' lang='lat' dir='ltr'><strong>t</strong></span> <span class='ocrx_word' id='word_1_241' title='bbox 374 2856 516 2926; x_wconf 86' lang='lat' dir='ltr'><strong>frequenti</strong></span> <span class='ocrx_word' id='word_1_242' title='bbox 539 2856 625 2912; x_wconf 86' lang='lat' dir='ltr'><strong>confr.</strong></span> <span class='ocrx_word' id='word_1_243' title='bbox 644 2857 737 2926; x_wconf 81' lang='lat' dir='ltr'><strong>(perir.</strong></span> <span class='ocrx_word' id='word_1_244' title='bbox 758 2857 827 2925; x_wconf 76' lang='lat' dir='ltr'><strong>uer.)</strong></span> <span class='ocrx_word' id='word_1_245' title='bbox 846 2859 960 2910; x_wconf 85' lang='lat' dir='ltr'><strong>curatur</strong></span> <span class='ocrx_word' id='word_1_246' title='bbox 979 2858 1077 2912; x_wconf 76' lang='lat' dir='ltr'><strong>boet:</strong></span> 
     </span>
     <span class='ocr_line' id='line_1_30' title="bbox 60 2925 1078 2997; baseline -0.001 -14"><span class='ocrx_word' id='word_1_247' title='bbox 60 2925 280 2983; x_wconf 79' lang='lat' dir='ltr'><strong>confricationes</strong></span> <span class='ocrx_word' id='word_1_248' title='bbox 303 2930 436 2982; x_wconf 86' lang='lat' dir='ltr'><strong>curantur</strong></span> <span class='ocrx_word' id='word_1_249' title='bbox 453 2928 481 2981; x_wconf 91' lang='lat' dir='ltr'><em>B</em></span> <span class='ocrx_word' id='word_1_250' title='bbox 504 2929 514 2997; x_wconf 88' lang='lat'>(</span> <span class='ocrx_word' id='word_1_251' title='bbox 556 2930 567 2982; x_wconf 83' lang='lat' dir='ltr'><strong>i</strong></span> <span class='ocrx_word' id='word_1_252' title='bbox 589 2945 639 2982; x_wconf 86' lang='lat' dir='ltr'><strong>om.</strong></span> <span class='ocrx_word' id='word_1_253' title='bbox 663 2927 803 2995; x_wconf 82' lang='lat' dir='ltr'><strong>frequenti</strong></span> <span class='ocrx_word' id='word_1_254' title='bbox 817 2953 851 2973; x_wconf 88' lang='lat'>=</span> <span class='ocrx_word' id='word_1_255' title='bbox 883 2945 905 2982; x_wconf 80' lang='lat' dir='ltr'><strong>r.</strong></span> <span class='ocrx_word' id='word_1_256' title='bbox 926 2927 1078 2996; x_wconf 78' lang='grc' dir='ltr'>ἐπιμελῶς).</span> 
     </span>
     <span class='ocr_line' id='line_1_31' title="bbox 61 2997 1078 3068; baseline 0 -15"><span class='ocrx_word' id='word_1_257' title='bbox 61 2999 251 3068; x_wconf 74' lang='lat' dir='ltr'><strong>soporanun</strong></span> <span class='ocrx_word' id='word_1_258' title='bbox 269 2999 308 3054; x_wconf 91' lang='lat' dir='ltr'><strong>B:</strong></span> <span class='ocrx_word' id='word_1_259' title='bbox 329 3000 443 3052; x_wconf 88' lang='lat' dir='ltr'><strong>-ratur</strong></span> <span class='ocrx_word' id='word_1_260' title='bbox 460 3000 497 3053; x_wconf 80' lang='lat' dir='ltr'><strong>rb</strong></span> <span class='ocrx_word' id='word_1_261' title='bbox 533 3000 565 3054; x_wconf 87' lang='lat' dir='ltr'><strong>el.</strong></span> <span class='ocrx_word' id='word_1_262' title='bbox 657 2997 839 3052; x_wconf 69' lang='lat' dir='ltr'><strong>tresolutir</strong></span> <span class='ocrx_word' id='word_1_263' title='bbox 876 2999 917 3066; x_wconf 77' lang='lat' dir='ltr'><strong>et,</strong></span> <span class='ocrx_word' id='word_1_264' title='bbox 937 2997 1023 3051; x_wconf 85' lang='lat' dir='ltr'><strong>soluti</strong></span> <span class='ocrx_word' id='word_1_265' title='bbox 1037 2999 1078 3053; x_wconf 86' lang='lat' dir='ltr'><strong>B:</strong></span> 
     </span>
     <span class='ocr_line' id='line_1_32' title="bbox 61 3067 1078 3140; baseline -0.001 -17"><span class='ocrx_word' id='word_1_266' title='bbox 61 3068 148 3123; x_wconf 86' lang='lat' dir='ltr'><strong>diluti</strong></span> <span class='ocrx_word' id='word_1_267' title='bbox 167 3067 210 3121; x_wconf 85' lang='lat' dir='ltr'><strong>ita</strong></span> <span class='ocrx_word' id='word_1_268' title='bbox 228 3069 391 3138; x_wconf 58' lang='lat' dir='ltr'><strong>moramur</strong></span> <span class='ocrx_word' id='word_1_269' title='bbox 409 3071 468 3140; x_wconf 66' lang='lat' dir='ltr'><strong>qu).</strong></span> <span class='ocrx_word' id='word_1_270' title='bbox 586 3074 619 3123; x_wconf 92' lang='lat'><strong>10</strong></span> <span class='ocrx_word' id='word_1_271' title='bbox 637 3084 703 3122; x_wconf 84' lang='lat' dir='ltr'><strong>vero</strong></span> <span class='ocrx_word' id='word_1_272' title='bbox 721 3070 771 3124; x_wconf 84' lang='lat' dir='ltr'><strong>rb:</strong></span> <span class='ocrx_word' id='word_1_273' title='bbox 790 3085 856 3123; x_wconf 82' lang='lat' dir='ltr'><strong>vero</strong></span> <span class='ocrx_word' id='word_1_274' title='bbox 875 3067 962 3122; x_wconf 87' lang='lat' dir='ltr'><strong>etiam</strong></span> <span class='ocrx_word' id='word_1_275' title='bbox 981 3070 1078 3124; x_wconf 68' lang='lat' dir='ltr'><strong>Boot.</strong></span> 
     </span>
     <span class='ocr_line' id='line_1_33' title="bbox 61 3138 1079 3212; baseline -0.002 -18"><span class='ocrx_word' id='word_1_276' title='bbox 61 3157 93 3195; x_wconf 86' lang='lat' dir='ltr'><strong>sa</strong></span> <span class='ocrx_word' id='word_1_277' title='bbox 132 3141 204 3192; x_wconf 85' lang='lat' dir='ltr'><strong>nata</strong></span> <span class='ocrx_word' id='word_1_278' title='bbox 222 3142 267 3209; x_wconf 86' lang='lat' dir='ltr'><strong>(ac.</strong></span> <span class='ocrx_word' id='word_1_279' title='bbox 288 3141 342 3208; x_wconf 72' lang='lat' dir='ltr'><strong>ta,</strong></span> <span class='ocrx_word' id='word_1_280' title='bbox 362 3140 427 3193; x_wconf 77' lang='lat' dir='ltr'><strong>-to</strong></span> <span class='ocrx_word' id='word_1_281' title='bbox 448 3141 522 3207; x_wconf 80' lang='lat' dir='ltr'><strong>Get,</strong></span> <span class='ocrx_word' id='word_1_282' title='bbox 542 3139 651 3193; x_wconf 81' lang='grc' dir='ltr'>οάποονι</span> <span class='ocrx_word' id='word_1_283' title='bbox 669 3157 709 3212; x_wconf 75' lang='lat' dir='ltr'><strong>qr.</strong></span> <span class='ocrx_word' id='word_1_284' title='bbox 725 3157 755 3209; x_wconf 82' lang='lat' dir='ltr'><strong>p.</strong></span> <span class='ocrx_word' id='word_1_285' title='bbox 771 3141 838 3208; x_wconf 79' lang='lat'><strong>322)</strong></span> <span class='ocrx_word' id='word_1_286' title='bbox 859 3183 864 3194; x_wconf 94' lang='lat'>.</span> <span class='ocrx_word' id='word_1_287' title='bbox 882 3183 888 3194; x_wconf 87' lang='lat'><strong>.</strong></span> <span class='ocrx_word' id='word_1_288' title='bbox 905 3184 910 3194; x_wconf 89' lang='lat'><strong>.</strong></span> <span class='ocrx_word' id='word_1_289' title='bbox 929 3138 1079 3193; x_wconf 82' lang='lat' dir='ltr'><strong>linimento</strong></span> 
     </span>
     <span class='ocr_line' id='line_1_34' title="bbox 61 3209 1077 3291; baseline -0.003 -24"><span class='ocrx_word' id='word_1_290' title='bbox 61 3213 77 3267; x_wconf 89' lang='lat' dir='ltr'><strong>b</strong></span> <span class='ocrx_word' id='word_1_291' title='bbox 117 3211 164 3266; x_wconf 73' lang='lat' dir='ltr'><strong>ab:</strong></span> <span class='ocrx_word' id='word_1_292' title='bbox 184 3211 320 3291; x_wconf 69' lang='lat' dir='ltr'><strong>saponeto</strong></span> <span class='ocrx_word' id='word_1_293' title='bbox 391 3210 539 3264; x_wconf 87' lang='lat' dir='ltr'><strong>linimento</strong></span> <span class='ocrx_word' id='word_1_294' title='bbox 558 3212 593 3265; x_wconf 92' lang='lat' dir='ltr'><strong>B.</strong></span> <span class='ocrx_word' id='word_1_295' title='bbox 685 3216 718 3263; x_wconf 74' lang='lat'><strong>12</strong></span> <span class='ocrx_word' id='word_1_296' title='bbox 738 3209 848 3264; x_wconf 82' lang='lat' dir='ltr'><strong>scabies</strong></span> <span class='ocrx_word' id='word_1_297' title='bbox 868 3212 903 3264; x_wconf 87' lang='lat' dir='ltr'><strong>rb</strong></span> <span class='ocrx_word' id='word_1_298' title='bbox 922 3211 966 3278; x_wconf 80' lang='lat' dir='ltr'><strong>(cf.</strong></span> <span class='ocrx_word' id='word_1_299' title='bbox 987 3211 1077 3265; x_wconf 83' lang='lat' dir='ltr'><strong>Escol.</strong></span> 
     </span>
     <span class='ocr_line' id='line_1_35' title="bbox 58 3279 1042 3351; baseline -0.002 -14"><span class='ocrx_word' id='word_1_300' title='bbox 58 3284 133 3351; x_wconf 57' lang='lat' dir='ltr'><strong>etei:</strong></span> <span class='ocrx_word' id='word_1_301' title='bbox 154 3281 263 3334; x_wconf 79' lang='lat' dir='ltr'><strong>scabies</strong></span> <span class='ocrx_word' id='word_1_302' title='bbox 281 3281 310 3335; x_wconf 90' lang='grc' dir='ltr'><strong><em>Β</em></strong></span> <span class='ocrx_word' id='word_1_303' title='bbox 321 3282 379 3336; x_wconf 80' lang='lat' dir='ltr'><strong>Get.</strong></span> <span class='ocrx_word' id='word_1_304' title='bbox 485 3286 518 3335; x_wconf 82' lang='lat'><strong>13</strong></span> <span class='ocrx_word' id='word_1_305' title='bbox 537 3279 667 3335; x_wconf 87' lang='lat' dir='ltr'><strong>acredine</strong></span> <span class='ocrx_word' id='word_1_306' title='bbox 687 3282 740 3335; x_wconf 89' lang='lat' dir='ltr'><strong>bB</strong></span> <span class='ocrx_word' id='word_1_307' title='bbox 752 3282 824 3337; x_wconf 51' lang='lat' dir='ltr'><strong>Gela</strong></span> <span class='ocrx_word' id='word_1_308' title='bbox 844 3279 1002 3334; x_wconf 87' lang='lat' dir='ltr'><strong>acritudine</strong></span> <span class='ocrx_word' id='word_1_309' title='bbox 1020 3299 1042 3335; x_wconf 84' lang='lat' dir='ltr'><strong>r.</strong></span> 
     </span>
     <span class='ocr_line' id='line_1_36' title="bbox 58 3350 1079 3421; baseline -0.003 -14"><span class='ocrx_word' id='word_1_310' title='bbox 58 3351 107 3407; x_wconf 84' lang='lat' dir='ltr'><strong>rel</strong></span> <span class='ocrx_word' id='word_1_311' title='bbox 126 3350 306 3421; x_wconf 85' lang='lat' dir='ltr'><strong>plenitudine</strong></span> <span class='ocrx_word' id='word_1_312' title='bbox 323 3353 405 3408; x_wconf 81' lang='lat' dir='ltr'><strong>rbB:</strong></span> <span class='ocrx_word' id='word_1_313' title='bbox 424 3369 474 3407; x_wconf 85' lang='lat' dir='ltr'><strong>om.</strong></span> <span class='ocrx_word' id='word_1_314' title='bbox 496 3353 554 3407; x_wconf 77' lang='lat' dir='ltr'><strong>Get.</strong></span> <span class='ocrx_word' id='word_1_315' title='bbox 610 3357 642 3406; x_wconf 76' lang='lat'><strong>1⁷</strong></span> <span class='ocrx_word' id='word_1_316' title='bbox 663 3351 725 3406; x_wconf 91' lang='lat' dir='ltr'><strong>oleo</strong></span> <span class='ocrx_word' id='word_1_317' title='bbox 745 3353 845 3407; x_wconf 66' lang='lat' dir='ltr'><strong>bilei:</strong></span> <span class='ocrx_word' id='word_1_318' title='bbox 864 3367 928 3405; x_wconf 91' lang='lat' dir='ltr'><strong>cum</strong></span> <span class='ocrx_word' id='word_1_319' title='bbox 947 3350 1009 3404; x_wconf 89' lang='lat' dir='ltr'><strong>oleo</strong></span> <span class='ocrx_word' id='word_1_320' title='bbox 1022 3351 1079 3405; x_wconf 84' lang='lat' dir='ltr'><strong>rB.</strong></span> 
     </span>
     <span class='ocr_line' id='line_1_37' title="bbox 58 3420 1092 3495; baseline -0.007 -19"><span class='ocrx_word' id='word_1_321' title='bbox 58 3423 109 3478; x_wconf 80' lang='lat' dir='ltr'><strong>tex</strong></span> <span class='ocrx_word' id='word_1_322' title='bbox 128 3423 166 3478; x_wconf 85' lang='lat' dir='ltr'><strong>rb</strong></span> <span class='ocrx_word' id='word_1_323' title='bbox 177 3422 249 3478; x_wconf 76' lang='lat' dir='ltr'><strong>Get:</strong></span> <span class='ocrx_word' id='word_1_324' title='bbox 268 3422 344 3495; x_wconf 64' lang='lat' dir='ltr'><strong>feces</strong></span> <span class='ocrx_word' id='word_1_325' title='bbox 362 3424 398 3478; x_wconf 89' lang='lat' dir='ltr'><strong>B.</strong></span> <span class='ocrx_word' id='word_1_326' title='bbox 520 3426 554 3476; x_wconf 86' lang='grc'><strong>18</strong></span> <span class='ocrx_word' id='word_1_327' title='bbox 572 3422 701 3476; x_wconf 88' lang='lat' dir='ltr'><strong>medetur</strong></span> <span class='ocrx_word' id='word_1_328' title='bbox 719 3422 820 3477; x_wconf 65' lang='lat' dir='ltr'><strong>blicis</strong></span> <span class='ocrx_word' id='word_1_329' title='bbox 837 3420 1032 3474; x_wconf 68' lang='lat' dir='ltr'><strong>metabuntur</strong></span> <span class='ocrx_word' id='word_1_330' title='bbox 1048 3420 1092 3470; x_wconf 74' lang='lat' dir='ltr'><strong>B.</strong></span> 
     </span>
     <span class='ocr_line' id='line_1_38' title="bbox 60 3485 1111 3552; baseline -0.009 -4"><span class='ocrx_word' id='word_1_331' title='bbox 60 3492 174 3548; x_wconf 85' lang='lat' dir='ltr'><strong>cedria:</strong></span> <span class='ocrx_word' id='word_1_332' title='bbox 188 3491 378 3547; x_wconf 82' lang='lat' dir='ltr'><strong>cedria-cocta</strong></span> <span class='ocrx_word' id='word_1_333' title='bbox 391 3511 414 3549; x_wconf 84' lang='lat' dir='ltr'><strong>r.</strong></span> <span class='ocrx_word' id='word_1_334' title='bbox 469 3509 532 3547; x_wconf 90' lang='lat' dir='ltr'><strong>cum</strong></span> <span class='ocrx_word' id='word_1_335' title='bbox 544 3491 641 3550; x_wconf 86' lang='lat' dir='ltr'><strong>resina</strong></span> <span class='ocrx_word' id='word_1_336' title='bbox 655 3495 684 3550; x_wconf 87' lang='lat' dir='ltr'><strong>et</strong></span> <span class='ocrx_word' id='word_1_337' title='bbox 699 3493 842 3552; x_wconf 67' lang='lat' dir='ltr'><strong>cerarBz</strong></span> <span class='ocrx_word' id='word_1_338' title='bbox 856 3509 928 3548; x_wconf 81' lang='lat' dir='ltr'><strong>cum</strong></span> <span class='ocrx_word' id='word_1_339' title='bbox 939 3485 1111 3543; x_wconf 55' lang='lat' dir='ltr'><strong>matun.</strong></span> 
     </span>
    </p>
   </div>
   <div class='ocr_carea' id='block_1_6' title="bbox 0 0 1165 3864">
    <p class='ocr_par' dir='ltr' id='par_1_7' title="bbox 0 0 1165 3864">
     <span class='ocr_line' id='line_1_39' title="bbox 0 0 1165 3864; baseline 0 0"><span class='ocrx_word' id='word_1_340' title='bbox 0 0 1165 3864; x_wconf 95' lang='lat' dir='ltr'><strong> </strong></span> 
     </span>
    </p>
   </div>
  </div>
 </body>
</html>
