<?xml version="1.0" encoding="UTF-8"?>
<!DOCTYPE html PUBLIC "-//W3C//DTD XHTML 1.0 Transitional//EN"
    "http://www.w3.org/TR/xhtml1/DTD/xhtml1-transitional.dtd">
<html xmlns="http://www.w3.org/1999/xhtml" xml:lang="en" lang="en">
 <head>
  <title>
</title>
<meta http-equiv="Content-Type" content="text/html;charset=utf-8" />
  <meta name='ocr-system' content='tesseract 3.04.00' />
  <meta name='ocr-capabilities' content='ocr_page ocr_carea ocr_par ocr_line ocrx_word'/>
</head>
<body>
  <div class='ocr_page' id='page_1' title='image "./theodoripriscia00rosegoog_0009.png"; bbox 0 0 2288 3878; ppageno 0'>
   <div class='ocr_carea' id='block_1_1' title="bbox 98 123 137 176">
    <p class='ocr_par' dir='ltr' id='par_1_1' title="bbox 98 123 137 176">
     <span class='ocr_line' id='line_1_1' title="bbox 98 123 137 176; baseline 0.026 -1"><span class='ocrx_word' id='word_1_1' title='bbox 98 123 137 176; x_wconf 93' lang='lat' dir='ltr'>IV</span> 
     </span>
    </p>
   </div>
   <div class='ocr_carea' id='block_1_2' title="bbox 28 287 1110 2593">
    <p class='ocr_par' dir='ltr' id='par_1_2' title="bbox 96 287 1109 1239">
     <span class='ocr_line' id='line_1_2' title="bbox 97 287 1108 369; baseline 0.001 -20"><span class='ocrx_word' id='word_1_2' title='bbox 97 289 162 350; x_wconf 89' lang='lat' dir='ltr'>dice</span> <span class='ocrx_word' id='word_1_3' title='bbox 181 287 268 369; x_wconf 84' lang='lat' dir='ltr'>hono,</span> <span class='ocrx_word' id='word_1_4' title='bbox 291 291 381 348; x_wconf 94' lang='lat' dir='ltr'>immo</span> <span class='ocrx_word' id='word_1_5' title='bbox 401 291 533 350; x_wconf 92' lang='lat' dir='ltr'>omnium</span> <span class='ocrx_word' id='word_1_6' title='bbox 553 291 604 368; x_wconf 90' lang='lat' dir='ltr'>qui</span> <span class='ocrx_word' id='word_1_7' title='bbox 623 297 723 350; x_wconf 83' lang='lat' dir='ltr'><strong>extant</strong></span> <span class='ocrx_word' id='word_1_8' title='bbox 742 291 768 348; x_wconf 92' lang='lat' dir='ltr'>si</span> <span class='ocrx_word' id='word_1_9' title='bbox 787 307 846 349; x_wconf 95' lang='lat' dir='ltr'>non</span> <span class='ocrx_word' id='word_1_10' title='bbox 867 289 988 349; x_wconf 91' lang='lat' dir='ltr'>meliore</span> <span class='ocrx_word' id='word_1_11' title='bbox 1008 297 1108 350; x_wconf 92' lang='lat' dir='ltr'>tamen</span> 
     </span>
     <span class='ocr_line' id='line_1_3' title="bbox 97 377 1107 457; baseline 0.001 -20"><span class='ocrx_word' id='word_1_12' title='bbox 97 378 231 457; x_wconf 80' lang='lat' dir='ltr'>pleniore</span> <span class='ocrx_word' id='word_1_13' title='bbox 251 395 345 457; x_wconf 90' lang='lat' dir='ltr'>eoque</span> <span class='ocrx_word' id='word_1_14' title='bbox 366 380 406 438; x_wconf 89' lang='lat' dir='ltr'>ita</span> <span class='ocrx_word' id='word_1_15' title='bbox 420 385 555 438; x_wconf 89' lang='lat' dir='ltr'>uteretur</span> <span class='ocrx_word' id='word_1_16' title='bbox 573 386 606 439; x_wconf 88' lang='lat' dir='ltr'>ut</span> <span class='ocrx_word' id='word_1_17' title='bbox 624 380 682 438; x_wconf 94' lang='lat' dir='ltr'>nisi</span> <span class='ocrx_word' id='word_1_18' title='bbox 700 377 839 457; x_wconf 80' lang='lat' dir='ltr'>prudenti</span> <span class='ocrx_word' id='word_1_19' title='bbox 859 379 982 438; x_wconf 89' lang='lat' dir='ltr'>consilio</span> <span class='ocrx_word' id='word_1_20' title='bbox 1005 398 1107 457; x_wconf 90' lang='lat' dir='ltr'>quam-</span> 
     </span>
     <span class='ocr_line' id='line_1_4' title="bbox 97 466 1108 548; baseline 0.003 -23"><span class='ocrx_word' id='word_1_21' title='bbox 97 469 142 527; x_wconf 87' lang='lat' dir='ltr'>vis</span> <span class='ocrx_word' id='word_1_22' title='bbox 169 469 257 526; x_wconf 88' lang='lat' dir='ltr'>tacito</span> <span class='ocrx_word' id='word_1_23' title='bbox 281 486 297 528; x_wconf 91' lang='lat' dir='ltr'>a</span> <span class='ocrx_word' id='word_1_24' title='bbox 321 466 419 527; x_wconf 87' lang='lat' dir='ltr'>verbis</span> <span class='ocrx_word' id='word_1_25' title='bbox 453 469 594 527; x_wconf 81' lang='lat' dir='ltr'>auctoris·</span> <span class='ocrx_word' id='word_1_26' title='bbox 608 467 725 528; x_wconf 91' lang='lat' dir='ltr'>traditis</span> <span class='ocrx_word' id='word_1_27' title='bbox 759 467 820 527; x_wconf 89' lang='lat' dir='ltr'>lere</span> <span class='ocrx_word' id='word_1_28' title='bbox 852 486 911 527; x_wconf 94' lang='lat' dir='ltr'>non</span> <span class='ocrx_word' id='word_1_29' title='bbox 944 468 1108 548; x_wconf 79' lang='lat' dir='ltr'>recederet,</span> 
     </span>
     <span class='ocr_line' id='line_1_5' title="bbox 97 555 1107 635; baseline 0.001 -20"><span class='ocrx_word' id='word_1_30' title='bbox 97 556 153 617; x_wconf 93' lang='lat' dir='ltr'>hoc</span> <span class='ocrx_word' id='word_1_31' title='bbox 177 558 267 635; x_wconf 84' lang='lat' dir='ltr'>igitur</span> <span class='ocrx_word' id='word_1_32' title='bbox 295 559 362 635; x_wconf 91' lang='lat' dir='ltr'>quia</span> <span class='ocrx_word' id='word_1_33' title='bbox 386 555 500 616; x_wconf 86' lang='lat' dir='ltr'>lacunis</span> <span class='ocrx_word' id='word_1_34' title='bbox 527 555 585 615; x_wconf 87' lang='lat' dir='ltr'>late</span> <span class='ocrx_word' id='word_1_35' title='bbox 613 555 783 634; x_wconf 86' lang='lat' dir='ltr'>patentibus</span> <span class='ocrx_word' id='word_1_36' title='bbox 810 555 945 635; x_wconf 86' lang='lat' dir='ltr'>libroque</span> <span class='ocrx_word' id='word_1_37' title='bbox 973 575 1033 617; x_wconf 92' lang='lat' dir='ltr'>uno</span> <span class='ocrx_word' id='word_1_38' title='bbox 1063 560 1107 616; x_wconf 93' lang='lat' dir='ltr'>in-</span> 
     </span>
     <span class='ocr_line' id='line_1_6' title="bbox 97 644 1108 726; baseline 0.002 -22"><span class='ocrx_word' id='word_1_39' title='bbox 97 654 180 724; x_wconf 83' lang='lat' dir='ltr'>tegro</span> <span class='ocrx_word' id='word_1_40' title='bbox 210 647 320 705; x_wconf 92' lang='lat' dir='ltr'>omisso</span> <span class='ocrx_word' id='word_1_41' title='bbox 352 644 488 704; x_wconf 89' lang='lat' dir='ltr'>mutilum</span> <span class='ocrx_word' id='word_1_42' title='bbox 516 644 667 705; x_wconf 87' lang='lat' dir='ltr'>videretur</span> <span class='ocrx_word' id='word_1_43' title='bbox 690 653 720 705; x_wconf 94' lang='lat' dir='ltr'>et</span> <span class='ocrx_word' id='word_1_44' title='bbox 747 663 852 724; x_wconf 92' lang='lat' dir='ltr'>parum</span> <span class='ocrx_word' id='word_1_45' title='bbox 875 645 960 726; x_wconf 88' lang='lat' dir='ltr'>utile,</span> <span class='ocrx_word' id='word_1_46' title='bbox 984 664 1052 705; x_wconf 79' lang='lat' dir='ltr'>mox</span> <span class='ocrx_word' id='word_1_47' title='bbox 1077 649 1108 706; x_wconf 89' lang='lat' dir='ltr'>in</span> 
     </span>
     <span class='ocr_line' id='line_1_7' title="bbox 99 733 1109 813; baseline 0.002 -21"><span class='ocrx_word' id='word_1_48' title='bbox 99 733 278 794; x_wconf 88' lang='lat' dir='ltr'>oblivionem</span> <span class='ocrx_word' id='word_1_49' title='bbox 301 733 402 794; x_wconf 91' lang='lat' dir='ltr'>datum</span> <span class='ocrx_word' id='word_1_50' title='bbox 426 741 471 793; x_wconf 92' lang='lat' dir='ltr'>est</span> <span class='ocrx_word' id='word_1_51' title='bbox 494 739 524 793; x_wconf 91' lang='lat' dir='ltr'>et</span> <span class='ocrx_word' id='word_1_52' title='bbox 547 735 698 794; x_wconf 86' lang='lat' dir='ltr'>rarissime</span> <span class='ocrx_word' id='word_1_53' title='bbox 722 752 801 794; x_wconf 93' lang='lat' dir='ltr'>nunc</span> <span class='ocrx_word' id='word_1_54' title='bbox 824 737 981 813; x_wconf 90' lang='lat' dir='ltr'>reperitur.</span> <span class='ocrx_word' id='word_1_55' title='bbox 1005 743 1109 795; x_wconf 91' lang='lat' dir='ltr'>contra</span> 
     </span>
     <span class='ocr_line' id='line_1_8' title="bbox 96 821 1108 903; baseline 0.003 -22"><span class='ocrx_word' id='word_1_56' title='bbox 96 821 278 882; x_wconf 89' lang='lat' dir='ltr'>Heremanni</span> <span class='ocrx_word' id='word_1_57' title='bbox 305 822 389 903; x_wconf 81' lang='lat' dir='ltr'>labor</span> <span class='ocrx_word' id='word_1_58' title='bbox 415 829 622 882; x_wconf 91' lang='lat' dir='ltr'>monstruosus</span> <span class='ocrx_word' id='word_1_59' title='bbox 654 829 741 902; x_wconf 85' lang='lat' dir='ltr'>atque</span> <span class='ocrx_word' id='word_1_60' title='bbox 774 841 811 882; x_wconf 84' lang='lat' dir='ltr'>ex</span> <span class='ocrx_word' id='word_1_61' title='bbox 844 823 954 902; x_wconf 86' lang='lat' dir='ltr'>duplici</span> <span class='ocrx_word' id='word_1_62' title='bbox 983 824 1108 902; x_wconf 89' lang='lat' dir='ltr'>perfidia</span> 
     </span>
     <span class='ocr_line' id='line_1_9' title="bbox 97 910 1106 991; baseline 0.003 -21"><span class='ocrx_word' id='word_1_63' title='bbox 97 918 198 991; x_wconf 90' lang='lat' dir='ltr'>natus,</span> <span class='ocrx_word' id='word_1_64' title='bbox 229 919 264 972; x_wconf 88' lang='lat' dir='ltr'>ut</span> <span class='ocrx_word' id='word_1_65' title='bbox 296 913 347 989; x_wconf 90' lang='lat' dir='ltr'>qui</span> <span class='ocrx_word' id='word_1_66' title='bbox 380 910 482 971; x_wconf 93' lang='lat' dir='ltr'>doctae</span> <span class='ocrx_word' id='word_1_67' title='bbox 515 911 626 970; x_wconf 92' lang='lat' dir='ltr'>saeculi</span> <span class='ocrx_word' id='word_1_68' title='bbox 649 911 702 972; x_wconf 86' lang='grc'>1111</span> <span class='ocrx_word' id='word_1_69' title='bbox 731 910 867 972; x_wconf 86' lang='lat' dir='ltr'>licentiae</span> <span class='ocrx_word' id='word_1_70' title='bbox 896 920 983 990; x_wconf 85' lang='lat' dir='ltr'>atque</span> <span class='ocrx_word' id='word_1_71' title='bbox 1016 932 1106 973; x_wconf 87' lang='lat' dir='ltr'>vanae</span> 
     </span>
     <span class='ocr_line' id='line_1_10' title="bbox 98 1000 1108 1082; baseline 0.001 -22"><span class='ocrx_word' id='word_1_72' title='bbox 98 1003 285 1061; x_wconf 89' lang='lat' dir='ltr'>coniecturae</span> <span class='ocrx_word' id='word_1_73' title='bbox 309 1002 403 1079; x_wconf 92' lang='lat' dir='ltr'>ipsius</span> <span class='ocrx_word' id='word_1_74' title='bbox 432 1000 588 1060; x_wconf 88' lang='lat' dir='ltr'>arbitrium</span> <span class='ocrx_word' id='word_1_75' title='bbox 616 1008 850 1082; x_wconf 83' lang='lat' dir='ltr'>superstrueret,</span> <span class='ocrx_word' id='word_1_76' title='bbox 877 1019 1039 1080; x_wconf 90' lang='lat' dir='ltr'>perennem</span> <span class='ocrx_word' id='word_1_77' title='bbox 1063 1005 1108 1061; x_wconf 92' lang='lat' dir='ltr'>in-</span> 
     </span>
     <span class='ocr_line' id='line_1_11' title="bbox 98 1088 1108 1169; baseline 0.002 -21"><span class='ocrx_word' id='word_1_78' title='bbox 98 1091 204 1150; x_wconf 89' lang='lat' dir='ltr'>merito</span> <span class='ocrx_word' id='word_1_79' title='bbox 228 1091 402 1150; x_wconf 87' lang='lat' dir='ltr'>memoriam</span> <span class='ocrx_word' id='word_1_80' title='bbox 425 1095 528 1149; x_wconf 90' lang='lat' dir='ltr'>nactus</span> <span class='ocrx_word' id='word_1_81' title='bbox 552 1096 606 1169; x_wconf 85' lang='lat' dir='ltr'>est,</span> <span class='ocrx_word' id='word_1_82' title='bbox 630 1106 697 1150; x_wconf 88' lang='lat' dir='ltr'>cum</span> <span class='ocrx_word' id='word_1_83' title='bbox 716 1091 748 1149; x_wconf 93' lang='lat' dir='ltr'>in</span> <span class='ocrx_word' id='word_1_84' title='bbox 766 1088 901 1150; x_wconf 75' lang='lat' dir='ltr'>Aldinam</span> <span class='ocrx_word' id='word_1_85' title='bbox 923 1090 1108 1155; x_wconf 89' lang='lat' dir='ltr'>medicorum</span> 
     </span>
     <span class='ocr_line' id='line_1_12' title="bbox 98 1177 1028 1239; baseline 0.001 -1"><span class='ocrx_word' id='word_1_86' title='bbox 98 1177 302 1238; x_wconf 84' lang='lat' dir='ltr'>collectionem</span> <span class='ocrx_word' id='word_1_87' title='bbox 326 1180 467 1238; x_wconf 87' lang='lat' dir='ltr'>transiret</span> <span class='ocrx_word' id='word_1_88' title='bbox 489 1177 625 1238; x_wconf 91' lang='lat' dir='ltr'>omnibus</span> <span class='ocrx_word' id='word_1_89' title='bbox 648 1186 748 1238; x_wconf 89' lang='lat' dir='ltr'>notam</span> <span class='ocrx_word' id='word_1_90' title='bbox 772 1186 802 1238; x_wconf 87' lang='lat' dir='ltr'>et</span> <span class='ocrx_word' id='word_1_91' title='bbox 823 1198 881 1239; x_wconf 91' lang='lat' dir='ltr'>usu</span> <span class='ocrx_word' id='word_1_92' title='bbox 904 1178 1028 1239; x_wconf 80' lang='lat' dir='ltr'>facilem.</span> 
     </span>
    </p>

    <p class='ocr_par' dir='ltr' id='par_1_3' title="bbox 100 1265 1108 1435">
     <span class='ocr_line' id='line_1_13' title="bbox 188 1265 1108 1349; baseline 0.002 -23"><span class='ocrx_word' id='word_1_93' title='bbox 188 1266 295 1326; x_wconf 84' lang='lat' dir='ltr'>Codice</span> <span class='ocrx_word' id='word_1_94' title='bbox 320 1285 391 1326; x_wconf 92' lang='lat' dir='ltr'>usus</span> <span class='ocrx_word' id='word_1_95' title='bbox 415 1276 461 1326; x_wconf 92' lang='lat' dir='ltr'>est</span> <span class='ocrx_word' id='word_1_96' title='bbox 483 1265 687 1326; x_wconf 91' lang='lat' dir='ltr'>Heremaunus</span> <span class='ocrx_word' id='word_1_97' title='bbox 711 1285 770 1326; x_wconf 88' lang='lat' dir='ltr'>uno</span> <span class='ocrx_word' id='word_1_98' title='bbox 795 1268 871 1349; x_wconf 80' lang='lat' dir='ltr'>solo,</span> <span class='ocrx_word' id='word_1_99' title='bbox 902 1286 989 1347; x_wconf 89' lang='lat' dir='ltr'>quem</span> <span class='ocrx_word' id='word_1_100' title='bbox 1014 1269 1049 1328; x_wconf 91' lang='lat' dir='ltr'>ad</span> <span class='ocrx_word' id='word_1_101' title='bbox 1074 1268 1108 1328; x_wconf 95' lang='lat' dir='ltr'>li-</span> 
     </span>
     <span class='ocr_line' id='line_1_14' title="bbox 100 1355 356 1435; baseline 0 -21"><span class='ocrx_word' id='word_1_102' title='bbox 100 1355 195 1415; x_wconf 92' lang='lat' dir='ltr'>bitum</span> <span class='ocrx_word' id='word_1_103' title='bbox 219 1357 356 1435; x_wconf 81' lang='lat' dir='ltr'>correxit,</span> 
     </span>
    </p>

    <p class='ocr_par' dir='ltr' id='par_1_4' title="bbox 28 1435 1110 2593">
     <span class='ocr_line' id='line_1_15' title="bbox 187 1435 1108 1514; baseline 0.003 -11"><span class='ocrx_word' id='word_1_104' title='bbox 187 1438 218 1503; x_wconf 89' lang='lat' dir='ltr'>B</span> <span class='ocrx_word' id='word_1_105' title='bbox 234 1470 276 1514; x_wconf 68' lang='lat'>=</span> <span class='ocrx_word' id='word_1_106' title='bbox 291 1443 524 1504; x_wconf 84' lang='lat' dir='ltr'>Bruxellensi</span> <span class='ocrx_word' id='word_1_107' title='bbox 547 1462 593 1504; x_wconf 92' lang='lat' dir='ltr'>no.</span> <span class='ocrx_word' id='word_1_108' title='bbox 615 1435 790 1506; x_wconf 77' lang='lat'>1342-50</span> <span class='ocrx_word' id='word_1_109' title='bbox 813 1445 936 1505; x_wconf 90' lang='lat' dir='ltr'>membr.</span> <span class='ocrx_word' id='word_1_110' title='bbox 961 1445 1008 1506; x_wconf 89' lang='lat' dir='ltr'>lol.</span> <span class='ocrx_word' id='word_1_111' title='bbox 1033 1465 1108 1506; x_wconf 91' lang='lat' dir='ltr'>saec.</span> 
     </span>
     <span class='ocr_line' id='line_1_16' title="bbox 99 1526 1109 1617; baseline 0.004 -25"><span class='ocrx_word' id='word_1_112' title='bbox 99 1526 175 1613; x_wconf 60' lang='lat' dir='ltr'>xiil,</span> <span class='ocrx_word' id='word_1_113' title='bbox 198 1531 234 1592; x_wconf 95' lang='lat' dir='ltr'>de</span> <span class='ocrx_word' id='word_1_114' title='bbox 259 1550 316 1610; x_wconf 88' lang='lat' dir='ltr'>quo</span> <span class='ocrx_word' id='word_1_115' title='bbox 341 1532 392 1593; x_wconf 94' lang='lat' dir='ltr'>ubi</span> <span class='ocrx_word' id='word_1_116' title='bbox 411 1532 561 1593; x_wconf 82' lang='lat' dir='ltr'>Aurelium</span> <span class='ocrx_word' id='word_1_117' title='bbox 581 1527 659 1617; x_wconf 79' lang='grc'>(1.1.</span> <span class='ocrx_word' id='word_1_118' title='bbox 679 1527 884 1617; x_wconf 76' lang='lat' dir='ltr'>Aurelianum)</span> <span class='ocrx_word' id='word_1_119' title='bbox 904 1534 997 1595; x_wconf 90' lang='lat' dir='ltr'>edidit</span> <span class='ocrx_word' id='word_1_120' title='bbox 1020 1536 1109 1596; x_wconf 90' lang='lat' dir='ltr'>verba</span> 
     </span>
     <span class='ocr_line' id='line_1_17' title="bbox 99 1615 1109 1706; baseline 0.003 -26"><span class='ocrx_word' id='word_1_121' title='bbox 99 1622 171 1682; x_wconf 88' lang='lat' dir='ltr'>fecit</span> <span class='ocrx_word' id='word_1_122' title='bbox 193 1620 373 1702; x_wconf 80' lang='lat' dir='ltr'>llaremberg</span> <span class='ocrx_word' id='word_1_123' title='bbox 392 1615 507 1706; x_wconf 84' lang='lat' dir='ltr'>(lanus,</span> <span class='ocrx_word' id='word_1_124' title='bbox 531 1622 642 1683; x_wconf 91' lang='lat' dir='ltr'>Ztschr.</span> <span class='ocrx_word' id='word_1_125' title='bbox 663 1623 681 1684; x_wconf 90' lang='grc'>1.</span> <span class='ocrx_word' id='word_1_126' title='bbox 702 1623 805 1684; x_wconf 87' lang='lat' dir='ltr'>Gesch.</span> <span class='ocrx_word' id='word_1_127' title='bbox 824 1622 878 1683; x_wconf 93' lang='lat' dir='ltr'>der</span> <span class='ocrx_word' id='word_1_128' title='bbox 895 1622 1024 1683; x_wconf 89' lang='lat' dir='ltr'>Medicin</span> <span class='ocrx_word' id='word_1_129' title='bbox 1043 1631 1062 1684; x_wconf 89' lang='lat' dir='ltr'>t.</span> <span class='ocrx_word' id='word_1_130' title='bbox 1082 1624 1109 1684; x_wconf 91' lang='grc' dir='ltr'>Η</span> 
     </span>
     <span class='ocr_line' id='line_1_18' title="bbox 98 1703 1109 1794; baseline 0.003 -24"><span class='ocrx_word' id='word_1_131' title='bbox 98 1703 322 1794; x_wconf 74' lang='grc' dir='ltr'>Β1111.1847).</span> <span class='ocrx_word' id='word_1_132' title='bbox 351 1712 446 1773; x_wconf 88' lang='lat' dir='ltr'>luerat</span> <span class='ocrx_word' id='word_1_133' title='bbox 468 1711 518 1772; x_wconf 92' lang='lat' dir='ltr'>ille</span> <span class='ocrx_word' id='word_1_134' title='bbox 540 1711 634 1793; x_wconf 89' lang='lat' dir='ltr'>„liber</span> <span class='ocrx_word' id='word_1_135' title='bbox 658 1715 753 1773; x_wconf 90' lang='lat' dir='ltr'>sancti</span> <span class='ocrx_word' id='word_1_136' title='bbox 775 1710 980 1791; x_wconf 88' lang='lat' dir='ltr'>panthaleonis</span> <span class='ocrx_word' id='word_1_137' title='bbox 1003 1713 1109 1773; x_wconf 70' lang='grc'>1101-</span> 
     </span>
     <span class='ocr_line' id='line_1_19' title="bbox 99 1790 1110 1898; baseline 0.004 -40"><span class='ocrx_word' id='word_1_138' title='bbox 99 1795 197 1860; x_wconf 81' lang='lat' dir='ltr'>lonia“</span> <span class='ocrx_word' id='word_1_139' title='bbox 220 1793 253 1898; x_wconf 74' lang='lat' dir='ltr'>(l.</span> <span class='ocrx_word' id='word_1_140' title='bbox 271 1795 333 1884; x_wconf 69' lang='lat'>1²),</span> <span class='ocrx_word' id='word_1_141' title='bbox 361 1790 407 1862; x_wconf 73' lang='lat' dir='ltr'>ex‘</span> <span class='ocrx_word' id='word_1_142' title='bbox 426 1820 520 1880; x_wconf 89' lang='lat' dir='ltr'>eoque</span> <span class='ocrx_word' id='word_1_143' title='bbox 550 1803 601 1879; x_wconf 89' lang='lat' dir='ltr'>qui</span> <span class='ocrx_word' id='word_1_144' title='bbox 628 1800 741 1861; x_wconf 88' lang='lat' dir='ltr'>Octavii</span> <span class='ocrx_word' id='word_1_145' title='bbox 764 1800 918 1866; x_wconf 83' lang='lat' dir='ltr'>Horatiani</span> <span class='ocrx_word' id='word_1_146' title='bbox 946 1820 1054 1862; x_wconf 91' lang='lat' dir='ltr'>nomen</span> <span class='ocrx_word' id='word_1_147' title='bbox 1078 1805 1110 1862; x_wconf 90' lang='lat' dir='ltr'>in</span> 
     </span>
     <span class='ocr_line' id='line_1_20' title="bbox 28 1889 1109 1972; baseline 0.001 -23"><span class='ocrx_word' id='word_1_148' title='bbox 28 1889 31 1896; x_wconf 88' lang='grc'><strong>’</strong></span> <span class='ocrx_word' id='word_1_149' title='bbox 101 1889 196 1950; x_wconf 84' lang='lat' dir='ltr'>fronte</span> <span class='ocrx_word' id='word_1_150' title='bbox 219 1909 297 1951; x_wconf 93' lang='lat' dir='ltr'>unus</span> <span class='ocrx_word' id='word_1_151' title='bbox 321 1893 406 1972; x_wconf 82' lang='lat' dir='ltr'>gerit,</span> <span class='ocrx_word' id='word_1_152' title='bbox 430 1891 599 1968; x_wconf 88' lang='lat' dir='ltr'>descriptus</span> <span class='ocrx_word' id='word_1_153' title='bbox 624 1892 687 1949; x_wconf 91' lang='lat' dir='ltr'>sine</span> <span class='ocrx_word' id='word_1_154' title='bbox 711 1889 800 1950; x_wconf 93' lang='lat' dir='ltr'>dubio</span> <span class='ocrx_word' id='word_1_155' title='bbox 824 1891 881 1950; x_wconf 88' lang='lat' dir='ltr'>luit</span> <span class='ocrx_word' id='word_1_156' title='bbox 905 1889 981 1950; x_wconf 93' lang='lat' dir='ltr'>liber</span> <span class='ocrx_word' id='word_1_157' title='bbox 1004 1892 1109 1952; x_wconf 91' lang='lat' dir='ltr'>eodem</span> 
     </span>
     <span class='ocr_line' id='line_1_21' title="bbox 99 1975 1108 2066; baseline 0.002 -28"><span class='ocrx_word' id='word_1_158' title='bbox 99 1981 219 2040; x_wconf 92' lang='lat' dir='ltr'>nomine</span> <span class='ocrx_word' id='word_1_159' title='bbox 234 1987 392 2066; x_wconf 88' lang='lat' dir='ltr'>corruptus</span> <span class='ocrx_word' id='word_1_160' title='bbox 412 1979 502 2038; x_wconf 87' lang='lat' dir='ltr'>chart.</span> <span class='ocrx_word' id='word_1_161' title='bbox 523 1997 598 2038; x_wconf 89' lang='lat' dir='ltr'>saec.</span> <span class='ocrx_word' id='word_1_162' title='bbox 612 1976 663 2037; x_wconf 86' lang='lat' dir='ltr'>XV</span> <span class='ocrx_word' id='word_1_163' title='bbox 680 1977 817 2058; x_wconf 92' lang='lat' dir='ltr'>Phillipp.</span> <span class='ocrx_word' id='word_1_164' title='bbox 842 1975 996 2059; x_wconf 80' lang='grc'>113701,</span> <span class='ocrx_word' id='word_1_165' title='bbox 1020 1999 1108 2058; x_wconf 91' lang='lat' dir='ltr'>quem</span> 
     </span>
     <span class='ocr_line' id='line_1_22' title="bbox 99 2066 1108 2129; baseline 0 -1"><span class='ocrx_word' id='word_1_166' title='bbox 99 2087 167 2128; x_wconf 93' lang='lat' dir='ltr'>cum</span> <span class='ocrx_word' id='word_1_167' title='bbox 204 2068 278 2128; x_wconf 90' lang='lat' dir='ltr'>alius</span> <span class='ocrx_word' id='word_1_168' title='bbox 315 2087 394 2129; x_wconf 91' lang='lat' dir='ltr'>nunc</span> <span class='ocrx_word' id='word_1_169' title='bbox 427 2067 520 2126; x_wconf 79' lang='lat' dir='ltr'>codex</span> <span class='ocrx_word' id='word_1_170' title='bbox 553 2069 585 2126; x_wconf 95' lang='lat' dir='ltr'>in</span> <span class='ocrx_word' id='word_1_171' title='bbox 618 2066 745 2126; x_wconf 88' lang='lat' dir='ltr'>eundem</span> <span class='ocrx_word' id='word_1_172' title='bbox 777 2085 934 2128; x_wconf 90' lang='lat' dir='ltr'>numerum</span> <span class='ocrx_word' id='word_1_173' title='bbox 967 2070 1108 2129; x_wconf 83' lang='lat' dir='ltr'>suffectus</span> 
     </span>
     <span class='ocr_line' id='line_1_23' title="bbox 100 2151 1107 2237; baseline 0.001 -21"><span class='ocrx_word' id='word_1_174' title='bbox 100 2164 222 2237; x_wconf 87' lang='lat' dir='ltr'>prostet,</span> <span class='ocrx_word' id='word_1_175' title='bbox 246 2151 735 2218; x_wconf 69' lang='grc'>0111111111111111111111887</span> <span class='ocrx_word' id='word_1_176' title='bbox 760 2158 824 2235; x_wconf 91' lang='lat' dir='ltr'>ipse</span> <span class='ocrx_word' id='word_1_177' title='bbox 848 2159 997 2236; x_wconf 85' lang='lat' dir='ltr'>requisivi.</span> <span class='ocrx_word' id='word_1_178' title='bbox 1025 2161 1107 2237; x_wconf 90' lang='lat' dir='ltr'>prin-</span> 
     </span>
     <span class='ocr_line' id='line_1_24' title="bbox 100 2243 1108 2326; baseline 0.004 -23"><span class='ocrx_word' id='word_1_179' title='bbox 100 2247 211 2323; x_wconf 90' lang='lat' dir='ltr'>cipium</span> <span class='ocrx_word' id='word_1_180' title='bbox 234 2251 332 2305; x_wconf 88' lang='lat' dir='ltr'>autem</span> <span class='ocrx_word' id='word_1_181' title='bbox 357 2243 541 2304; x_wconf 82' lang='lat' dir='ltr'>Coloniensis</span> <span class='ocrx_word' id='word_1_182' title='bbox 564 2243 633 2304; x_wconf 89' lang='lat' dir='ltr'>libri</span> <span class='ocrx_word' id='word_1_183' title='bbox 660 2263 728 2305; x_wconf 94' lang='lat' dir='ltr'>cum</span> <span class='ocrx_word' id='word_1_184' title='bbox 758 2246 913 2307; x_wconf 84' lang='lat' dir='ltr'>confusum</span> <span class='ocrx_word' id='word_1_185' title='bbox 940 2249 1108 2326; x_wconf 86' lang='lat' dir='ltr'>reperiatur</span> 
     </span>
     <span class='ocr_line' id='line_1_25' title="bbox 101 2333 1107 2415; baseline 0.003 -23"><span class='ocrx_word' id='word_1_186' title='bbox 101 2351 169 2392; x_wconf 90' lang='lat' dir='ltr'>cum</span> <span class='ocrx_word' id='word_1_187' title='bbox 187 2333 276 2393; x_wconf 92' lang='lat' dir='ltr'>alieni</span> <span class='ocrx_word' id='word_1_188' title='bbox 295 2335 395 2412; x_wconf 90' lang='lat' dir='ltr'>operis</span> <span class='ocrx_word' id='word_1_189' title='bbox 414 2333 586 2415; x_wconf 80' lang='lat' dir='ltr'>fragmento,</span> <span class='ocrx_word' id='word_1_190' title='bbox 609 2335 639 2394; x_wconf 91' lang='lat' dir='ltr'>in</span> <span class='ocrx_word' id='word_1_191' title='bbox 659 2334 747 2394; x_wconf 90' lang='lat' dir='ltr'>alieni</span> <span class='ocrx_word' id='word_1_192' title='bbox 766 2337 895 2396; x_wconf 91' lang='lat' dir='ltr'>auctoris</span> <span class='ocrx_word' id='word_1_193' title='bbox 914 2353 1022 2396; x_wconf 91' lang='lat' dir='ltr'>nomen</span> <span class='ocrx_word' id='word_1_194' title='bbox 1041 2339 1107 2396; x_wconf 91' lang='lat' dir='ltr'>uni-</span> 
     </span>
     <span class='ocr_line' id='line_1_26' title="bbox 100 2417 1109 2504; baseline 0.003 -23"><span class='ocrx_word' id='word_1_195' title='bbox 100 2439 218 2481; x_wconf 89' lang='lat' dir='ltr'>versum</span> <span class='ocrx_word' id='word_1_196' title='bbox 243 2441 317 2501; x_wconf 89' lang='lat' dir='ltr'>opus</span> <span class='ocrx_word' id='word_1_197' title='bbox 340 2424 466 2482; x_wconf 85' lang='lat' dir='ltr'>traxisse</span> <span class='ocrx_word' id='word_1_198' title='bbox 489 2423 614 2483; x_wconf 85' lang='lat' dir='ltr'>videtur.</span> <span class='ocrx_word' id='word_1_199' title='bbox 641 2426 751 2484; x_wconf 90' lang='lat' dir='ltr'>etenim</span> <span class='ocrx_word' id='word_1_200' title='bbox 774 2424 792 2484; x_wconf 87' lang='lat' dir='ltr'>l.</span> <span class='ocrx_word' id='word_1_201' title='bbox 814 2417 849 2484; x_wconf 79' lang='lat' dir='ltr'>lb</span> <span class='ocrx_word' id='word_1_202' title='bbox 870 2423 1039 2504; x_wconf 81' lang='lat' dir='ltr'>„Incipiunt</span> <span class='ocrx_word' id='word_1_203' title='bbox 1062 2444 1109 2484; x_wconf 92' lang='lat' dir='ltr'>ca-</span> 
     </span>
     <span class='ocr_line' id='line_1_27' title="bbox 100 2508 1109 2593; baseline 0.004 -24"><span class='ocrx_word' id='word_1_204' title='bbox 100 2510 192 2590; x_wconf 88' lang='lat' dir='ltr'>pitula</span> <span class='ocrx_word' id='word_1_205' title='bbox 215 2511 285 2571; x_wconf 93' lang='lat' dir='ltr'>libri</span> <span class='ocrx_word' id='word_1_206' title='bbox 308 2514 398 2590; x_wconf 91' lang='lat' dir='ltr'>primi</span> <span class='ocrx_word' id='word_1_207' title='bbox 420 2511 517 2589; x_wconf 87' lang='lat' dir='ltr'>logici.</span> <span class='ocrx_word' id='word_1_208' title='bbox 539 2508 543 2591; x_wconf 89' lang='grc' dir='ltr'>Ι</span> <span class='ocrx_word' id='word_1_209' title='bbox 564 2514 670 2572; x_wconf 86' lang='lat' dir='ltr'>octavii</span> <span class='ocrx_word' id='word_1_210' title='bbox 698 2514 828 2573; x_wconf 80' lang='lat' dir='ltr'>oracioni</span> <span class='ocrx_word' id='word_1_211' title='bbox 855 2513 892 2572; x_wconf 85' lang='lat' dir='ltr'>ad</span> <span class='ocrx_word' id='word_1_212' title='bbox 915 2517 1109 2593; x_wconf 91' lang='lat' dir='ltr'>euporistum.</span> 
     </span>
    </p>
   </div>
   <div class='ocr_carea' id='block_1_3' title="bbox 98 2617 1110 3161">
    <p class='ocr_par' dir='ltr' id='par_1_5' title="bbox 98 2617 1110 3161">
     <span class='ocr_line' id='line_1_28' title="bbox 188 2617 897 2719; baseline 0.003 -23"><span class='ocrx_word' id='word_1_213' title='bbox 188 2636 228 2718; x_wconf 78' lang='lat' dir='ltr'>„L</span> <span class='ocrx_word' id='word_1_214' title='bbox 252 2617 297 2696; x_wconf 86' lang='lat' dir='ltr'>De</span> <span class='ocrx_word' id='word_1_215' title='bbox 322 2637 523 2719; x_wconf 82' lang='lat' dir='ltr'>incipiente</span> <span class='ocrx_word' id='word_1_216' title='bbox 547 2643 645 2707; x_wconf 85' lang='lat' dir='ltr'>secta</span> <span class='ocrx_word' id='word_1_217' title='bbox 668 2632 897 2698; x_wconf 81' lang='lat' dir='ltr'>medicinae.“</span> 
     </span>
     <span class='ocr_line' id='line_1_29' title="bbox 188 2719 1109 2810; baseline 0.002 -26"><span class='ocrx_word' id='word_1_218' title='bbox 188 2724 241 2805; x_wconf 83' lang='lat' dir='ltr'>„ll</span> <span class='ocrx_word' id='word_1_219' title='bbox 265 2724 372 2804; x_wconf 92' lang='lat' dir='ltr'>lncipit</span> <span class='ocrx_word' id='word_1_220' title='bbox 394 2724 518 2804; x_wconf 87' lang='lat' dir='ltr'>prelatio</span> <span class='ocrx_word' id='word_1_221' title='bbox 542 2724 611 2785; x_wconf 91' lang='lat' dir='ltr'>libri</span> <span class='ocrx_word' id='word_1_222' title='bbox 635 2722 807 2805; x_wconf 86' lang='lat' dir='ltr'>sequentis“</span> <span class='ocrx_word' id='word_1_223' title='bbox 829 2719 906 2810; x_wconf 89' lang='lat' dir='ltr'>(scil.</span> <span class='ocrx_word' id='word_1_224' title='bbox 930 2725 1109 2786; x_wconf 87' lang='lat' dir='ltr'>Theodori</span> 
     </span>
     <span class='ocr_line' id='line_1_30' title="bbox 98 2808 652 2898; baseline 0.002 -25"><span class='ocrx_word' id='word_1_225' title='bbox 98 2814 103 2827; x_wconf 86' lang='grc'><strong>“</strong></span> <span class='ocrx_word' id='word_1_226' title='bbox 279 2816 393 2892; x_wconf 94' lang='lat' dir='ltr'>prima</span> <span class='ocrx_word' id='word_1_227' title='bbox 415 2808 652 2898; x_wconf 76' lang='lat' dir='ltr'>„Nuperrime“).</span> 
     </span>
     <span class='ocr_line' id='line_1_31' title="bbox 131 2896 1110 2987; baseline 0.003 -26"><span class='ocrx_word' id='word_1_228' title='bbox 131 2917 137 2929; x_wconf 86' lang='grc'>’</span> <span class='ocrx_word' id='word_1_229' title='bbox 188 2901 254 2983; x_wconf 78' lang='lat' dir='ltr'>„lli</span> <span class='ocrx_word' id='word_1_230' title='bbox 279 2902 386 2981; x_wconf 89' lang='lat' dir='ltr'>lncipit</span> <span class='ocrx_word' id='word_1_231' title='bbox 408 2903 533 2982; x_wconf 87' lang='lat' dir='ltr'>prelatio</span> <span class='ocrx_word' id='word_1_232' title='bbox 557 2907 655 2982; x_wconf 92' lang='lat' dir='ltr'>operis</span> <span class='ocrx_word' id='word_1_233' title='bbox 680 2899 851 2982; x_wconf 85' lang='lat' dir='ltr'>sequentis“</span> <span class='ocrx_word' id='word_1_234' title='bbox 874 2896 951 2987; x_wconf 87' lang='lat' dir='ltr'>(scil.</span> <span class='ocrx_word' id='word_1_235' title='bbox 973 2903 1025 2984; x_wconf 84' lang='lat' dir='ltr'>„Si</span> <span class='ocrx_word' id='word_1_236' title='bbox 1048 2923 1110 2965; x_wconf 92' lang='lat' dir='ltr'>me-</span> 
     </span>
     <span class='ocr_line' id='line_1_32' title="bbox 278 2986 798 3075; baseline 0.002 -24"><span class='ocrx_word' id='word_1_237' title='bbox 278 2987 394 3052; x_wconf 85' lang='lat' dir='ltr'>dicina“</span> <span class='ocrx_word' id='word_1_238' title='bbox 409 3039 415 3052; x_wconf 93' lang='lat'><strong>.</strong></span> <span class='ocrx_word' id='word_1_239' title='bbox 431 3039 437 3051; x_wconf 91' lang='lat'><strong>.</strong></span> <span class='ocrx_word' id='word_1_240' title='bbox 453 3040 459 3051; x_wconf 94' lang='lat'><em>.</em></span> <span class='ocrx_word' id='word_1_241' title='bbox 474 2991 622 3053; x_wconf 88' lang='lat' dir='ltr'>Theodori</span> <span class='ocrx_word' id='word_1_242' title='bbox 646 2986 798 3075; x_wconf 89' lang='lat' dir='ltr'>secunda).</span> 
     </span>
     <span class='ocr_line' id='line_1_33' title="bbox 189 3077 783 3161; baseline 0.002 -21"><span class='ocrx_word' id='word_1_243' title='bbox 189 3079 268 3161; x_wconf 75' lang='lat' dir='ltr'>„llll</span> <span class='ocrx_word' id='word_1_244' title='bbox 292 3081 334 3142; x_wconf 87' lang='grc'>111</span> <span class='ocrx_word' id='word_1_245' title='bbox 358 3080 569 3141; x_wconf 85' lang='lat' dir='ltr'>infectionibus</span> <span class='ocrx_word' id='word_1_246' title='bbox 592 3077 783 3161; x_wconf 79' lang='lat' dir='ltr'>capillorum“</span> 
     </span>
    </p>
   </div>
   <div class='ocr_carea' id='block_1_4' title="bbox 189 3170 760 3339">
    <p class='ocr_par' dir='ltr' id='par_1_6' title="bbox 189 3170 760 3339">
     <span class='ocr_line' id='line_1_34' title="bbox 443 3170 760 3249; baseline 0 -19"><span class='ocrx_word' id='word_1_247' title='bbox 443 3177 497 3230; x_wconf 90' lang='lat' dir='ltr'>etc.</span> <span class='ocrx_word' id='word_1_248' title='bbox 520 3189 615 3249; x_wconf 91' lang='lat' dir='ltr'>usque</span> <span class='ocrx_word' id='word_1_249' title='bbox 639 3170 674 3230; x_wconf 92' lang='lat' dir='ltr'>ad</span> <span class='ocrx_word' id='word_1_250' title='bbox 699 3189 760 3249; x_wconf 91' lang='lat' dir='ltr'>cap.</span> 
     </span>
     <span class='ocr_line' id='line_1_35' title="bbox 189 3254 643 3339; baseline 0.004 -22"><span class='ocrx_word' id='word_1_251' title='bbox 189 3257 331 3339; x_wconf 77' lang='lat' dir='ltr'>„XXXVL</span> <span class='ocrx_word' id='word_1_252' title='bbox 355 3259 396 3319; x_wconf 87' lang='grc'>111</span> <span class='ocrx_word' id='word_1_253' title='bbox 419 3254 643 3319; x_wconf 80' lang='lat' dir='ltr'>lorationibus“.</span> 
     </span>
    </p>
   </div>
   <div class='ocr_carea' id='block_1_5' title="bbox 100 3370 1111 3574">
    <p class='ocr_par' dir='ltr' id='par_1_7' title="bbox 100 3370 1111 3574">
     <span class='ocr_line' id='line_1_36' title="bbox 190 3370 1111 3484; baseline 0.001 -25"><span class='ocrx_word' id='word_1_254' title='bbox 190 3406 258 3479; x_wconf 91' lang='lat' dir='ltr'>post</span> <span class='ocrx_word' id='word_1_255' title='bbox 271 3401 400 3461; x_wconf 92' lang='lat' dir='ltr'>indicem</span> <span class='ocrx_word' id='word_1_256' title='bbox 416 3393 766 3484; x_wconf 71' lang='lat' dir='ltr'>c1b2(etp0stin.001.)</span> <span class='ocrx_word' id='word_1_257' title='bbox 782 3401 947 3479; x_wconf 88' lang='lat' dir='ltr'>sequitur</span> <span class='ocrx_word' id='word_1_258' title='bbox 966 3370 1111 3462; x_wconf 83' lang='lat' dir='ltr'>rubrica</span> 
     </span>
     <span class='ocr_line' id='line_1_37' title="bbox 100 3486 1111 3574; baseline 0 -24"><span class='ocrx_word' id='word_1_259' title='bbox 100 3488 226 3574; x_wconf 83' lang='lat' dir='ltr'>„Incipit</span> <span class='ocrx_word' id='word_1_260' title='bbox 253 3486 330 3549; x_wconf 92' lang='lat' dir='ltr'>liber</span> <span class='ocrx_word' id='word_1_261' title='bbox 357 3491 472 3568; x_wconf 90' lang='lat' dir='ltr'>primus</span> <span class='ocrx_word' id='word_1_262' title='bbox 506 3488 620 3568; x_wconf 83' lang='lat' dir='ltr'>logicus</span> <span class='ocrx_word' id='word_1_263' title='bbox 653 3490 759 3550; x_wconf 79' lang='lat' dir='ltr'>octavii</span> <span class='ocrx_word' id='word_1_264' title='bbox 790 3491 921 3551; x_wconf 79' lang='lat' dir='ltr'>oracioni</span> <span class='ocrx_word' id='word_1_265' title='bbox 952 3488 989 3551; x_wconf 92' lang='lat' dir='ltr'>ad</span> <span class='ocrx_word' id='word_1_266' title='bbox 1020 3507 1111 3570; x_wconf 91' lang='lat' dir='ltr'>eupo-</span> 
     </span>
    </p>
   </div>
   <div class='ocr_carea' id='block_1_6' title="bbox 0 0 1152 3878">
    <p class='ocr_par' dir='ltr' id='par_1_8' title="bbox 0 0 1152 3878">
     <span class='ocr_line' id='line_1_38' title="bbox 0 0 1152 3878; baseline 0 0"><span class='ocrx_word' id='word_1_267' title='bbox 0 0 1152 3878; x_wconf 95' lang='lat' dir='ltr'> </span> 
     </span>
    </p>
   </div>
  </div>
 </body>
</html>
