2288 3878
79 161 144 224 316
412 161 756 214 Psatvo-rflaonom

78 319 260 389 tragacanthi
278 319 349 378 ÷1.
376 318 511 374 trociscos
530 318 618 374 facies
637 319 672 374 de
691 318 811 390 singulis
829 321 1022 390 argumentis,
1046 322 1096 376 sic·

79 399 167 469 cabis,
187 402 216 453 et
235 400 302 453 dum
321 416 391 468 opus
410 399 497 453 fuerit
516 397 642 468 singulos
660 398 833 467 masticabit,
852 399 904 453 sed
923 398 956 453 in
975 399 1034 454 sole
1052 417 1095 454 ca·

79 480 139 533 lido
157 479 203 534 vel
222 479 253 532 in
266 477 377 533 balneo.
407 479 484 532 laser
502 496 566 532 cum
580 477 655 534 lacte
673 477 799 533 mulieris
814 477 901 549 solve,
921 483 952 533 et
972 479 997 533 si
1010 479 1095 535 hemi-

84 559 195 614 cranius
211 558 296 627 dolet,
310 558 341 612 in
355 557 415 612 eius
428 561 540 627 partem
553 557 657 614 mittes.
678 557 829 630 [Convenit
838 559 874 613 de
884 558 1094 615 naribus...Pr.

53 683 66 721 a
134 668 182 720 Aa
195 665 238 733 II,
252 669 289 719 17
304 668 364 732 (50)
383 664 430 718 De
449 663 679 719 maenomcnis
698 666 773 734 (post
790 681 869 735 sang.
889 664 1049 736 adhibere).

149 744 230 798 Etsi
249 760 312 797 cum
330 743 408 798 febre
427 743 533 798 fuerim
551 743 678 812 alienati,
697 744 730 797 ut
749 746 778 798 et
791 743 957 814 vigiliarum
976 745 1096 800 assidui-

78 827 139 880 tate
154 824 317 894 fatigentur,
337 822 486 878 odoriferis
503 822 656 878 virtutibus
672 822 713 877 eis
732 839 845 876 somnus
860 825 905 879 est
921 823 1096 881 invitandus.

79 905 110 958 id
128 907 172 959 est
190 904 266 958 frons
286 919 382 957 eorum
400 920 464 956 cum
482 903 656 973 temporibus
671 905 701 957 et
713 902 830 957 naribus
849 906 893 957 est
911 903 1098 975 inunguendi,

79 1001 114 1038 ex
131 983 259 1038 trociscis
278 982 448 1052 hypnoticis,
467 983 516 1051 qui
530 983 573 1037 ita
587 982 783 1041 conficiuntur.
809 983 1021 1053 mandragorae
1039 984 1097 1039 cilii

39 1080 65 1118 1o
78 1077 115 1125 ÷
128 1064 150 1133 I,
169 1063 228 1133 opii
246 1076 281 1123 -:-
295 1063 316 1131 Ι,
335 1062 500 1131 hyoscyami
519 1061 633 1116 seminis
648 1061 676 1132 l,
696 1064 772 1117 asari
787 1063 816 1133 l,
836 1063 959 1117 castorei
973 1063 1004 1133 5,,
1024 1062 1097 1119 croci

78 1142 107 1212 E,
136 1142 254 1198 storacis
273 1141 301 1199 ἱ.
330 1141 400 1197 trita
428 1141 523 1196 omnia
552 1141 669 1212 colliges
692 1159 756 1196 cum
784 1158 851 1197 suco
874 1144 1029 1212 papaveris
1052 1144 1096 1198 vel

78 1221 242 1292 hyoscyami
262 1238 336 1291 succ,
356 1224 385 1276 et
398 1221 533 1276 trociscos
548 1221 643 1277 facies.
673 1222 740 1276 dum
754 1239 824 1292 opus
838 1221 934 1291 fuerit,
953 1239 1020 1277 cum
1038 1241 1097 1278 car-

79 1319 149 1357 oeno
164 1302 288 1356 solutum
302 1301 448 1370 inungues.
470 1302 524 1357 hoc
538 1304 568 1356 et
585 1301 723 1356 freniticis
742 1304 772 1357 et
790 1302 827 1356 ad
846 1301 950 1371 capitis
970 1303 1096 1358 dolorem

79 1380 237 1436 adhibebis.
266 1398 332 1434 nam
351 1384 380 1435 et
399 1381 443 1434 his
462 1381 560 1435 vinum
579 1381 692 1436 omnino
711 1382 873 1452 negandum
889 1385 942 1451 est,
961 1383 1097 1450 quoniam

39 1475 66 1515 15
79 1460 186 1515 febrem
204 1459 362 1514 inflammat
381 1464 410 1515 et
429 1478 556 1515 somnum
581 1461 676 1531 fugat,
699 1461 902 1516 alienatiouem
921 1461 1032 1533 irritat,
1056 1481 1097 1516 ar·

98 1542 299 1595 mdoremovet.
316 1541 358 1611 [et
376 1540 400 1594 si
418 1543 483 1610 post
501 1540 572 1595 haec
591 1541 754 1596 adiutoria.
771 1586 776 1596 .
793 1585 799 1597 .
814 1542 884 1613 Pr.].

253 1645 301 1700 Aa
314 1647 357 1715 ΙΙ,
371 1649 407 1701 21
424 1650 484 1718 (62)
504 1647 550 1701 De
568 1647 735 1717 pthisicis
755 1649 805 1715 (ad
821 1649 924 1716 fierem).

152 1722 181 1776 si
199 1724 289 1780 nimia
307 1726 393 1782 tussis
412 1727 513 1797 fuerit,
532 1727 638 1782 herbae
657 1727 817 1782 vettonicae
835 1739 871 1788 ÷
885 1727 912 1780 X
930 1744 996 1782 cum
1014 1729 1096 1784 melle

79 1819 131 1871 per
149 1803 209 1858 dies
228 1805 314 1862 VIIII.
342 1824 410 1861 nam
428 1811 457 1862 et
474 1807 636 1878 pulmonem
654 1807 771 1877 pecudis
795 1809 824 1861 et
847 1823 934 1861 cornu
953 1809 1097 1863 cervinum

40 1902 66 1941 ao
81 1880 165 1937 simul
183 1887 361 1941 combustum
380 1890 409 1941 et
426 1887 527 1941 tritum
550 1886 632 1941 dabis
656 1886 686 1940 in
704 1885 784 1954 vine,
808 1888 837 1939 et
855 1902 921 1939 mox
939 1887 1095 1942 sanabitur.

80 1962 168 2018 alium
193 1965 224 2018 in
247 1983 322 2035 aqua
350 1967 497 2021 decoctnm
523 1970 552 2022 et
578 1965 635 2021 mel
663 1965 820 2021 admixtum
843 1969 988 2035 sumptum
1016 1968 1098 2022 sedat

80 2044 193 2114 tussim,
220 2049 249 2101 et
274 2046 426 2118 purulenta
454 2046 650 2101 excreantibus
676 2045 811 2100 medetur.
840 2044 964 2115 corrigia
995 2046 1097 2100 canina

80 2123 154 2178 collo
173 2143 309 2195 suspensa
328 2129 378 2181 aut
397 2125 489 2195 digito
507 2125 598 2195 ligato
614 2126 696 2180 sedat
709 2123 817 2179 tussim.
846 2124 986 2180 masticen
999 2126 1096 2181 tritam

81 2207 192 2259 etcum
210 2205 293 2260 melle
312 2206 431 2260 mixtam
449 2223 512 2259 cum
531 2223 606 2272 aqua
623 2204 717 2260 calida
731 2203 822 2258 bibat.
850 2203 921 2256 facit
939 2203 994 2259 hoc
1013 2205 1096 2259 etad

40 2299 66 2339 aa
81 2283 222 2338 defectum
246 2285 393 2339 stomachi.
422 2284 484 2338 oleo
507 2284 606 2337 vinum
628 2285 746 2338 misceto
765 2285 794 2337 et
817 2283 845 2336 in
871 2299 904 2336 eo
927 2301 1033 2353 panem
1055 2287 1095 2338 in-

81 2363 214 2432 tinguito,
234 2368 263 2419 et
282 2366 319 2419 ad
338 2365 478 2419 edendum
497 2363 587 2418 dabis.
616 2382 683 2419 nam
701 2363 832 2418 effectum
855 2363 969 2420 senties.
995 2365 1049 2420 hoc
1068 2368 1096 2418 et

81 2441 236 2496 maioribus
260 2445 403 2498 aetatibus
425 2444 548 2512 prodest.
577 2460 644 2496 nam
662 2447 691 2498 et
715 2444 892 2498 diatessaron
914 2444 1095 2500 vehementer

81 2521 204 2589 prodest,
224 2522 300 2589 quod
317 2522 357 2576 sic
372 2522 525 2576 conficitur.
554 2521 754 2578 aristolochiae
768 2523 915 2593 rotundae,
934 2524 1094 2594 gentianae,

80 2600 216 2654 bacarum
238 2599 324 2670 lauri,
352 2617 462 2655 murrae
485 2601 583 2656 uncias
610 2602 744 2672 singulas.
777 2605 862 2657 tunsa
890 2605 919 2657 et
947 2604 1095 2658 cribellata

41 2699 67 2738 ao
82 2697 145 2733 cum
167 2678 251 2734 melle
280 2680 386 2750 optimo
410 2681 542 2736 miscebis
572 2685 602 2736 et
629 2683 711 2737 dabis
738 2682 769 2736 in
792 2681 959 2750 hydromeli.
989 2685 1041 2738 hoc
1067 2687 1096 2737 et

156 2848 361 2920 ldragaganti
380 2853 403 2906 b.
459 2850 531 2906 facis
551 2854 575 2907 b.
631 2852 739 2922 argr'rtis
754 2853 778 2906 b.
848 2852 1056 2922 demigraneus
1070 2853 1093 2906 b.

83 2925 152 2975 6c1'1
171 2920 262 2975 febres
282 2924 306 2977 b.
379 2921 427 2977 ei.
448 2924 471 2978 b.
546 2927 579 2976 cd
594 2927 725 2992 tympora
744 2924 773 2975 ct
790 2938 873 2976 nares
893 2926 908 2979 b
927 2931 953 2978 et
972 2925 1093 2994 (gaium.

82 2995 127 3061 cu)
148 2991 212 3047 cat.
311 3000 327 3048 9
345 2995 529 3049 mandracore
549 2994 616 3063 cylii
636 2996 651 3049 b
670 2993 740 3064 (cilii
761 2992 841 3062 Gal).
952 3000 986 3048 10
1005 2994 1095 3050 semi

82 3066 126 3132 (=
142 3063 256 3117 seminis
275 3063 458 3136 semunciam)
477 3069 500 3122 b.
554 3084 581 3135 y.
601 3082 702 3122 semen.
724 3081 807 3120 asam
826 3068 964 3121 castorea.
984 3073 1024 3123 οἳ.
1040 3070 1095 3121 sto-

82 3150 153 3188 race.
174 3151 230 3188 ana
248 3134 276 3192 ἱ,
299 3137 361 3193 aar.
418 3144 449 3191 11
470 3137 582 3207 colligis
601 3139 624 3192 b.
692 3142 725 3191 13
743 3135 857 3209 inungis
877 3138 893 3191 b
912 3138 1007 3206 (—ges
1024 3139 1094 3206 (aaz).

152 3204 296 3260 freneticis
316 3209 404 3264 chl.
514 3214 548 3262 14
566 3209 632 3263 vino
651 3211 681 3276 b,
705 3224 808 3261 —num
834 3207 887 3262 (aaz
906 3209 965 3277 (abi
982 3228 1049 3265 nam
1067 3211 1095 3263 et

81 3275 178 3329 vinum
196 3276 241 3329 his
259 3296 286 3332 n.
306 3295 329 3334 e.
350 3279 481 3350 omnino).
538 3285 571 3333 15
590 3279 698 3334 febrem
718 3279 783 3333 Gal:
803 3278 896 3335 febres
915 3281 938 3335 b.
1001 3287 1034 3335 19
1048 3297 1094 3335 ve-

81 3349 175 3457 egnice
195 3368 218 3438 b.
264 3459 280 3466 -
291 3390 325 3438 22
345 3385 466 3455 corrigia
484 3393 530 3442 etc.
551 3388 573 3441 b.
623 3455 629 3467 ·
647 3390 681 3438 23
695 3386 834 3441 masticen
851 3385 1057 3442 trith...mixtd
1071 3388 1094 3442 b.

80 3461 117 3510 25
136 3455 283 3510 stomachu
302 3458 364 3526 (cic)
385 3458 408 3512 b.
513 3462 547 3510 29
566 3473 663 3511 uncias
683 3458 822 3527 singulas:
843 3473 898 3513 ana
916 3457 979 3516 ÷1
997 3457 1024 3513 b.

69 3532 109 3584 80
124 3527 232 3586 misces
251 3528 275 3586 b.
349 3525 505 3600 ydromelle
524 3529 547 3584 b.
