2310 3864
62 128 135 220 ’466
372 154 577 206 1111111111
596 153 780 206 11111111.

71 331 197 370 concava
220 312 345 367 farciunt
368 311 489 380 speciem
511 310 570 364 luffi
589 311 636 365 vel
659 311 836 379 adquorum
859 311 1094 381 conprensionem

72 385 190 440 format⁹
208 401 321 438 nausus.
350 382 417 436 Ideo
445 399 518 451 quae
543 381 636 436 dictae
666 384 731 435 sunt
752 397 853 466 genae.
882 389 942 450 qua
969 383 1093 452 genibus

71 474 212 528 nixerunt.
236 473 317 526 Hanc
340 488 399 525 rem
418 470 443 524 si
460 475 482 538 ξ
500 469 555 524 dol’
576 473 677 525 coacta
695 474 761 524 eunt
779 471 814 540 (l)
832 470 1031 540 potentiorem
1051 490 1095 527 ro-

72 549 131 615 gat.
151 544 216 598 Non
235 543 306 596 dicit
323 558 374 612 per
393 540 505 596 eulmen
523 541 647 610 eorporis
668 544 760 611 eaput.
780 541 830 595 sed
843 558 913 612 rogo
928 541 1029 610 inquit
1044 561 1095 614 per

74 633 204 686 genuam.
232 613 372 668 Continuo
390 611 479 666 etiam
498 611 573 666 oculi
595 611 780 667 lacrimantur
802 612 870 681 quia
892 615 997 667 natum
1017 615 1095 682 quod

74 688 175 742 volunt
193 685 223 738 in
241 687 322 739 utero
341 685 469 737 materno
488 682 591 750 quibus
611 682 720 737 sociata
737 683 858 737 fluissent
876 686 974 738 utrum
993 685 1095 754 gemit.

73 757 128 812 Illa
148 758 215 810 dum
233 754 309 824 parit
327 753 415 824 vagit.
434 753 487 808 Ille
506 753 574 807 dum
591 753 719 808 nascitur
737 758 833 809 ament
845 755 974 809 nondum
992 755 1097 810 hilari·

73 828 143 882 tatis
162 827 253 881 vitam
272 824 467 879 adhibiturum
485 823 574 879 etiam
596 824 704 878 luctum
726 825 801 895 gerit
827 825 926 880 oculus
950 843 1028 894 quae
1047 827 1097 882 vix

73 899 146 953 bene
165 896 331 966 parentibus
351 895 503 951 effundent.
522 895 666 950 Lacrimae
685 895 766 965 vagit
779 913 836 950 una
854 896 890 950 lis
911 914 977 951 suos
997 914 1097 968 perse-

74 969 178 1037 quitur.
204 971 232 1022 et
251 969 404 1034 antequam
423 965 496 1020 sciat
513 965 581 1021 flore
600 966 688 1021 novit.
712 966 802 1021 scient
824 966 962 1022 videlieet
979 986 1098 1024 menses

74 1039 221 1094 hominum
244 1041 274 1092 et
296 1036 347 1090 illa
371 1036 502 1091 caelestis
526 1037 606 1108 origo
628 1036 828 1093 infelicitatem
852 1038 1014 1108 praedicat.
1047 1041 1098 1096 sed

75 1110 173 1164 multis
192 1108 278 1163 audio
298 1125 327 1162 se
347 1109 460 1177 quando
480 1107 614 1163 dieentes.
637 1109 697 1162 Hoc
716 1106 810 1163 infans
834 1126 898 1163 eum
917 1110 1022 1180 tetigit
1040 1114 1097 1167 ter·

74 1233 137 1269 ram
150 1232 249 1269 vocem
263 1215 320 1268 dat.
335 1214 389 1268 hoe
404 1213 428 1267 si
443 1214 497 1268 scit
509 1214 675 1270 mulieribus
690 1213 739 1282 qui
752 1214 783 1267 in
796 1231 870 1270 nave
883 1193 1098 1288 9161111011.)-

74 1288 158 1339 reunt
176 1285 274 1339 vitalis
293 1287 368 1339 esset
385 1287 491 1354 partun.

147 1358 216 1424 (21¹²)
235 1358 267 1408 ut
287 1357 359 1410 scias
379 1355 449 1424 quid
466 1356 568 1410 mulier
585 1373 726 1426 pregnans
749 1356 780 1410 in
802 1360 884 1412 utero
907 1358 1050 1415 habuerit
1068 1361 1099 1415 in

76 1427 192 1480 dextera
211 1429 293 1494 parte
313 1426 442 1482 stabiliet
461 1444 555 1482 semen
575 1446 655 1481 suum
679 1427 797 1496 septimo
821 1445 919 1484 mense
938 1435 1048 1486 movet.
1068 1432 1099 1486 in

76 1496 191 1550 sinistra
209 1499 290 1565 parte
314 1501 343 1551 et
367 1498 463 1552 oculus
486 1498 588 1553 mulier
610 1498 735 1552 tumidus
754 1499 829 1569 (-ἃ)
848 1499 940 1555 habet
959 1503 990 1555 et
1014 1504 1100 1557 tarde

76 1566 242 1621 ambulavit.
263 1567 293 1620 Si
307 1584 425 1636 puerum
438 1569 572 1623 habuerit
585 1569 714 1624 stabiliet
728 1586 823 1624 semen
837 1588 921 1624 suurn
935 1571 968 1625 in
978 1573 1099 1628 sinistra

76 1640 157 1707 parte
178 1637 297 1707 septimo
316 1654 412 1694 mense
434 1639 521 1695 vertit
545 1640 624 1695 sein
647 1641 791 1696 dexteram
813 1644 928 1711 partem
948 1647 979 1698 et
999 1645 1100 1700 oeulos

76 1708 178 1763 mulier
197 1709 309 1762 clausus
328 1709 455 1765 habebit.

148 1784 202 1849 (22)
223 1780 277 1834 Cur
296 1797 362 1849 ergo
382 1781 475 1835 infans
489 1799 546 1836 non
559 1782 686 1851 loquitur
700 1783 749 1837 sed
761 1782 901 1852 vagitum.
923 1789 1006 1840 certa
1023 1788 1101 1842 ratio

76 1855 127 1906 est.
149 1852 216 1919 quia
235 1870 289 1924 que
309 1852 408 1906 dentes
427 1870 484 1907 non
502 1853 591 1908 habet
608 1871 665 1907 non
683 1854 787 1908 formae
801 1853 854 1908 illa
869 1855 940 1910 dum
959 1856 1100 1927 loquitur.

74 1923 182 2045 {lentes
207 1926 302 1977 autem
324 1923 422 1978 nostri.
452 1940 590 1992 organeea
618 1928 690 1978 sunt.
719 1941 838 1992 quorum
865 1927 955 1981 modo
984 1928 1103 2000 flagerit

88 2012 183 2062 ingua.

150 2065 265 2134 [Incipit
285 2067 319 2119 de
338 2065 477 2119 mulieria.
