2288 3878
86 139 152 204 138
401 143 789 231 rnaonoarrnrscmur

85 307 227 386 plasmata
259 326 329 368 vera
362 310 460 368 omnia
498 306 663 369 adhibenda
699 317 768 370 sunt
803 328 878 388 quae
916 309 1102 371 diaforeticis

85 395 220 456 ordinata
243 404 320 457 sunt.
362 396 495 457 febribus
514 415 584 457 vero
603 399 789 477 interpositis
807 398 1003 459 consideratis
1026 407 1101 459 tem-

84 484 207 564 poribus
231 485 420 546 serviendum
443 492 497 546 est.
540 488 684 547 intentius
702 493 802 547 tamen
820 487 999 548 elfusionum
1020 487 1101 548 solli·

84 574 209 634 citudini
233 573 380 655 militabo,
403 576 435 635 in
460 573 568 653 quibus
592 592 681 654 saepe
705 577 796 638 etiam.
818 577 971 654 sanguinis
996 594 1101 655 super-

56 664 229 723 ⁶venientis
253 663 358 724 effusio
382 665 457 723 vitae
480 662 647 742 periculum
669 667 847 744 procuravit.

439 798 543 888 (Pars
567 799 746 888 secunda).

31 901 72 966 39
172 911 341 972 Transactis
357 914 452 983 acutis
466 911 656 990 passionibus
671 930 745 991 quae
762 910 817 973 sub
832 919 912 973 certa
924 911 988 991 lege
1004 915 1101 992 aegri-

82 999 219 1060 tudinum
233 1002 421 1078 propriarum
439 1000 537 1078 aliqua
556 999 690 1061 febribus
704 1000 914 1061 comitantibus
931 1000 1100 1080 publicatae

83 1095 167 1169 sunt,
197 1088 233 1148 ad
261 1089 400 1150 chronica
426 1089 647 1168 descendimus,
676 1088 785 1168 quibus
813 1089 970 1168 aliquando
999 1089 1101 1150 febres

44 1185 69 1224 1⁰
83 1179 327 1255 supervenientes
343 1177 397 1238 sub
412 1177 499 1256 longo
516 1184 613 1238 tractu
626 1179 799 1256 passionum
813 1176 905 1238 veluti
919 1178 1100 1257 temporales

83 1268 295 1325 commotiones
314 1265 487 1326 assimulant
503 1262 615 1345 <quam
633 1266 741 1326 medici
764 1266 913 1344 epithasin
934 1266 1101 1345 appellave-

82 1351 181 1431 runt).
215 1356 303 1413 etiam
322 1357 354 1414 in
373 1357 446 1432 ipsis
466 1354 600 1414 ordinem
623 1355 800 1434 dispositum
819 1355 1022 1415 custodientes
1042 1358 1100 1415 ini-

81 1443 157 1500 tium
180 1459 259 1501 nunc
283 1441 319 1501 de
344 1444 449 1520 capitis
473 1442 614 1521 querellis
635 1443 682 1504 vel
705 1443 908 1504 accidentibus
928 1445 1098 1504 sortiemur.

155 1600 168 1645 1
189 1609 212 1645 c.
221 1611 247 1647 v.
268 1593 363 1647 omnia
377 1594 605 1650 diaforeticorum
620 1613 644 1650 a.
657 1614 677 1650 s.
691 1612 745 1664 que
759 1595 799 1650 eis
814 1595 844 1648 in
856 1595 1020 1666 supradicta
1034 1612 1099 1665 pas-

83 1664 160 1716 sione
174 1662 366 1719 ordinavimus
381 1668 397 1721 b
411 1669 451 1735 (et
463 1669 512 1722 abi
526 1666 717 1737 suprascripta
731 1668 797 1722 Gar.
812 1670 871 1736 aar.)
885 1684 935 1722 om.
950 1685 976 1737 9,
994 1669 1044 1721 abi
1059 1670 1100 1721 sic

83 1734 290 1803 cataplasmata
316 1735 491 1807 interpositis
514 1737 698 1792 consideratis
722 1741 743 1792 t.
768 1737 945 1792 ceruendum
968 1738 1012 1791 est
1031 1741 1098 1805 etc.).

82 1821 155 1874 quae
174 1805 250 1861 diafo
265 1809 274 1876 ΙΙ
288 1809 351 1877 (bac
368 1826 452 1878 usqae
470 1810 517 1876 fol.
537 1806 597 1877 30¹³,
615 1810 715 1863 abbiate
733 1809 832 1863 desani
850 1811 904 1863 dae
922 1809 992 1875 falia
1011 1810 1043 1862 ia
1067 1809 1098 1875 V,

80 1877 180 1932 ultima
196 1895 231 1933 ec.
251 1882 346 1948 quarti
363 1882 565 1950 quaternionis,
590 1897 623 1934 ae
640 1881 765 1948 deinceps
788 1881 888 1949 iatepri
906 1881 1100 1949 quamaiaaes

82 1950 147 2017 aaa,
164 1952 278 2018 quintus
296 1957 321 2006 et
338 1958 438 2006 sectae.
457 1954 527 2007 sexti
545 1959 635 2006 maaca
653 1953 710 2006 tria
733 1951 822 2005 adhoc
844 1952 946 2005 ultima
963 1951 1034 2016 falia
1052 1967 1098 2004 eac-

81 2021 179 2075 tabaat
199 2020 307 2076 Geieaii
324 2029 454 2091 tempore,
476 2025 502 2077 si
523 2024 572 2077 bac
595 2025 654 2090 ipsa
677 2023 767 2077 codice
789 2023 927 2077 videbitur
949 2038 1017 2075 usae
1034 2037 1097 2076 esee.

81 2092 106 2145 ei
119 2107 184 2159 aaa,
199 2095 230 2146 ia
244 2094 334 2147 cadiae
350 2093 458 2148 Geleaii
473 2095 535 2148 licet
548 2095 640 2148 eadem
652 2094 716 2160 fere,
729 2094 871 2163 aliquanto
885 2098 975 2147 tamea
988 2094 1099 2146 vaiacra

81 2164 218 2216 interiisse
237 2164 382 2218 dicendam
400 2170 438 2218 est
456 2183 538 2233 qaam
556 2167 587 2219 ia
611 2165 637 2219 V
649 2167 693 2232 (sc.
713 2165 795 2218 iaitio
814 2164 1021 2231 chronieorum).
1054 2163 1099 2217 bie

81 2235 153 2286 caim
167 2239 232 2303 poet
246 2251 275 2302 p.
290 2237 327 2287 88
341 2237 372 2302 (c.
390 2236 434 2304 13)
454 2253 472 2288 a
490 2236 577 2289 aeriis
595 2251 668 2303 quae
682 2233 883 2315 diaphoreticis
904 2236 1006 2288 transit
1016 2250 1046 2302 p.
1061 2240 1098 2288 89

82 2304 120 2357 ad
138 2320 159 2358 c.
179 2309 215 2359 19
234 2304 266 2358 de
281 2305 455 2373 paralyticis.
524 2310 540 2357 3
560 2305 746 2359 sollieitudim
760 2307 841 2373 (-ne
856 2306 879 2372 b,
899 2309 969 2358 -ne
983 2306 1008 2372 r)
1023 2303 1098 2356 mili-

81 2373 163 2428 tabo:
181 2376 221 2429 aie
238 2375 282 2428 rB
288 2376 303 2428 b
318 2374 484 2444 (medicabis
502 2377 538 2445 p).
597 2382 615 2429 4
633 2377 663 2429 in
681 2375 783 2445 quibus
802 2383 862 2431 etc:
882 2373 990 2440 Quibus
1010 2373 1098 2428 etiam

83 2442 108 2496 si
131 2443 276 2513 sanguinis
300 2445 492 2514 supervenerit
515 2445 621 2501 effusio.
648 2446 825 2518 repentinum
853 2445 1016 2514 frequenter
1038 2445 1097 2500 vite

81 2512 238 2582 perieulum
256 2515 425 2584 procuravit.
445 2517 469 2570 b.
583 2523 598 2570 ὅ
617 2517 781 2587 procurabit
798 2519 826 2572 B
841 2517 930 2586 (-uit
948 2519 1002 2585 rb).
1040 2520 1098 2571 iam

81 2582 206 2652 Explicit
233 2601 364 2639 oxeorum
392 2586 468 2641 ordo.
494 2587 598 2670 Incipit
626 2589 661 2643 de
688 2589 765 2643 croni
782 2592 785 2647 l
802 2588 846 2642 dis
867 2587 951 2643 ositio
970 2589 1006 2642 B.
1034 2605 1098 2658 pro-

82 2653 193 2708 curavit
211 2662 310 2709 exeori
335 2657 440 2712 ordine.
458 2663 461 2725 Ι
477 2657 602 2728 Expheit
620 2659 668 2715 lib.
683 2661 716 2713 ll.
736 2659 839 2730 Incipit
866 2659 900 2714 b.
916 2659 962 2713 III.
982 2657 1023 2712 De
1038 2674 1097 2712 cro·

81 2724 160 2779 nicia.
180 2725 334 2796 Dispositio
349 2728 511 2797 (transactis
525 2733 584 2799 etc.)
599 2749 621 2784 r.
642 2730 776 2800 (Explicit
793 2747 864 2784 oxea
877 2731 929 2784 deo
944 2729 1056 2800 gracias
1072 2732 1095 2797 b,

80 2799 130 2852 ubi
146 2813 198 2867 req.
218 2801 342 2866 capitula
359 2801 443 2854 baiae
461 2802 575 2856 alterius
590 2805 691 2870 partia,
709 2804 807 2857 aleiade
824 2800 1005 2871 Proposicio).

81 2873 97 2921 6
116 2884 176 2936 cap.
191 2869 300 2923 XIV-
308 2871 387 2925 XIX
407 2873 471 2926 dedi
493 2889 527 2927 eae
545 2874 621 2927 caaid.
640 2874 683 2927 ΥΒ
698 2875 817 2941 (enotata
835 2874 881 2927 bic
903 2873 963 2927 illic
986 2874 1098 2926 lecticae

80 2941 137 2994 cod.
153 2941 186 3007 b).
260 2945 275 2993 ‘l
290 2941 452 2996 Transactis
471 2946 543 3014 aab:
563 2943 721 2997 Translatis
735 2945 770 2999 B.
845 2943 897 2997 sub
911 2945 982 3013 rbp:
997 2960 1048 2998 am.
1060 2945 1094 2997 B.

80 3017 96 3063 8
115 3009 240 3079 priorum
263 3010 358 3080 alique
380 3014 472 3068 febres
497 3014 602 3084 (alique
628 3013 714 3069 febris
732 3033 759 3082 r,
783 3016 832 3069 abi
855 3013 981 3068 febribus
1005 3018 1094 3083 corr).

81 3079 283 3136 comitantibus
296 3086 340 3152 rb,
355 3085 533 3155 propriarum
547 3085 644 3153 aliqua
653 3085 806 3155 (aliquibus
817 3087 855 3155 Β)
870 3084 996 3139 febribus
1011 3085 1096 3139 comi-

79 3151 208 3205 tantibus
226 3155 282 3224 913.
378 3162 393 3209 9
413 3156 525 3210 cronica
544 3158 660 3225 Bl—ca
678 3175 704 3227 9,
725 3173 806 3210 -cas
826 3159 863 3226 i·):
883 3155 980 3210 cronia
999 3158 1022 3212 b.

81 3221 275 3278 descendimus
294 3229 365 3296 rpb:
387 3227 520 3281 -demus
538 3229 573 3282 B.
689 3234 722 3281 10
740 3226 1036 3282 veluti-assimulant
1054 3229 1095 3283 B:

79 3292 170 3347 veluti
188 3296 328 3366 epytisma
347 3298 562 3367 appellaverunt
581 3301 604 3367 b,
624 3298 712 3352 veluti
732 3301 872 3368 tempores
891 3301 1095 3353 commociones

80 3363 248 3421 assimulant
266 3384 336 3435 quas
355 3368 458 3423 medici
476 3369 600 3439 epytisin
618 3386 654 3439 ap
671 3372 674 3439 l
690 3369 869 3439 pellarerunt
882 3388 904 3424 r.
991 3375 1030 3424 12
1049 3370 1096 3424 vel

79 3437 129 3492 rb:
148 3440 267 3510 aian.
328 3438 1095 3510 13initiuma(deB)c.q....sortiemurB9:nunc
1134 3452 1138 3460 ·

69 3504 107 3557 dc
120 3523 142 3560 a.
161 3526 186 3576 q.
199 3554 204 3564 .
217 3554 241 3565 ..
260 3509 422 3565 ordinemus
433 3512 448 3566 b
458 3513 542 3580 (nunc
556 3511 658 3581 capitis
673 3511 805 3580 querellis
819 3531 845 3567 v.
861 3529 886 3566 a.
902 3511 1053 3566 sortiemur
1061 3514 1096 3581 r).
