2288 3878
80 141 125 208 50
392 141 582 194 THEODORI
599 140 780 194 Pmsclffl

171 308 197 366 si
215 324 285 366 vero
303 324 465 385 percussus
484 305 604 384 quidam
623 304 697 366 dens
713 304 760 365 vel
777 312 877 367 motus
896 305 998 386 luerit,
1017 326 1102 368 reso-

81 394 175 455 lutum
197 394 299 454 coralli
317 394 469 473 pulverem
488 396 638 475 apponite,
661 400 692 454 et
709 395 850 454 continuo
870 396 1100 474 constringitur.

170 486 195 543 si
224 483 310 562 longo
334 484 405 542 vitio
428 482 596 543 laborantes
622 489 801 561 spontaneos
824 482 932 544 cadere
957 482 1103 565 volueris

80 572 214 651 pyrethri
241 571 287 631 vel
315 573 484 631 artemisiae
511 570 665 650 pulverem
688 588 756 631 cum
778 579 862 631 aceto
886 572 1101 633 commiscebis

55 668 112 721 eet
139 661 259 721 dentem
287 658 499 739 circumlinies‚
528 667 559 720 et
586 661 742 738 spontanei
768 658 900 720 exilient.
947 667 999 721 aut
1027 679 1102 722 suco

81 749 227 828 tithymali
251 766 406 808 cavernam
430 747 529 830 imple,
553 754 583 808 et
603 749 759 827 spontanei
777 746 892 809 cadent
934 756 987 809 aut
1004 748 1100 810 lacer·

81 845 141 898 tam
166 837 314 898 solaneam
338 854 444 896 exseca
468 844 498 896 et
521 838 600 896 sicca
624 842 654 896 ct
678 838 743 897 eius
765 835 888 915 pulvere
912 836 1034 898 dentem
1053 838 1101 898 vel

81 944 237 986 cavernam
270 927 394 1004 attinge,
427 932 457 984 et
489 927 629 985 continuo
660 924 746 985 cadet
772 932 840 1004 post
867 925 1100 989 scariiationem.

81 1026 111 1075 et
134 1032 255 1075 coccum
274 1013 408 1092 gnidium
432 1020 553 1074 tunsum
575 1015 608 1073 in
635 1012 760 1091 galbano
784 1011 924 1074 similiter
947 1022 1100 1093 operatur.

25 1099 69 1166 48
169 1121 236 1163 nam
251 1110 281 1163 et
295 1101 564 1181 apollegmatismus
581 1100 628 1160 his
643 1103 817 1181 saepissime
830 1102 953 1184 profuit,
973 1104 1099 1164 sistatis

40 1209 65 1246 ιι
80 1194 161 1270 agria
185 1192 220 1252 ad
244 1190 435 1251 massandum
462 1190 550 1250 detur
577 1196 628 1250 aut
655 1191 682 1249 si
707 1208 775 1251 cum
800 1188 901 1269 puleio
924 1193 1100 1253 misceatur.

80 1287 130 1341 aut
149 1298 217 1340 cera
235 1298 303 1340 cnm
327 1278 469 1358 pallarum
491 1278 612 1356 pulvere
636 1285 836 1340 contusarum.
878 1285 930 1340 aut
953 1281 981 1339 si
1004 1280 1098 1341 alium

80 1376 111 1428 et
132 1375 247 1427 murtae
271 1367 339 1427 folia
363 1367 468 1426 viridia
491 1369 523 1426 in
546 1373 629 1427 aceto
654 1373 819 1444 coquantur
842 1369 928 1427 etin
951 1386 1005 1429 ore
1027 1387 1099 1430 con·

80 1458 238 1515 tineantur.
275 1462 378 1533 postea
396 1473 466 1516 vero
483 1473 521 1515 nc
535 1457 614 1515 ustio
629 1463 836 1536 prosequatur,
855 1454 955 1516 oleum
975 1474 1100 1518 roseum

40 1542 213 1621 crepidam
243 1543 274 1601 in
302 1560 353 1602 ore
382 1546 559 1604 contineant.
606 1549 636 1603 et
663 1545 818 1622 origanum
846 1546 878 1603 in
906 1543 973 1605 oleo
1001 1564 1098 1625 coque

80 1638 110 1692 et
138 1649 174 1690 ex
201 1630 257 1691 hoc
285 1630 389 1690 dentes
413 1631 575 1692 calefacito.
621 1638 651 1692 et
675 1630 819 1692 saccellus
843 1633 1004 1711 impositus
1030 1634 1100 1695 cali·

153 1806 166 1854 1
187 1800 211 1854 si
230 1817 295 1855 raro
313 1817 460 1870 percussus
480 1803 528 1856 bB
539 1802 610 1857 Get:
630 1801 655 1854 si
674 1802 708 1856 de
727 1801 906 1872 percussione
924 1821 947 1858 r.
1037 1802 1100 1873 qui-

80 1874 147 1926 dam
164 1874 225 1928 rB:
244 1873 385 1941 quondam
402 1873 459 1928 oet.
475 1875 537 1942 (om.
556 1874 590 1941 b).
663 1875 757 1926 motus
776 1875 791 1928 b
809 1874 855 1941 (cf.
868 1891 909 1944 pr.
924 1876 1003 1944 430):
1022 1875 1101 1929 mola

79 1946 126 2000 rB
136 1945 194 2000 Gal.
249 1943 404 1998 resolutum
422 1944 462 1999 B:
481 1945 548 1997 -ta
565 1944 647 1998 rGel.
666 1946 726 2013 (om.
741 1946 775 2013 b).
849 1944 1100 2015 irestringriturb

79 2018 142 2086 (qui
159 2016 223 2070 cdd.
243 2015 295 2068 hoc
315 2017 343 2067 et
362 2013 475 2068 alumen
494 2014 610 2068 scistum
628 2013 716 2083 facit).
843 2019 860 2067 3
881 2017 1056 2086 spontaneos
1074 2035 1099 2072 c.

78 2086 200 2142 volueris
220 2087 280 2142 bB:
301 2084 450 2155 spontanei
468 2101 491 2140 c.
511 2084 652 2139 voluerint
672 2086 730 2140 cet.
804 2086 1038 2142 teommiscebis
1056 2088 1100 2144 B:

80 2158 199 2212 -misce
219 2158 297 2212 rGel.
318 2155 423 2226 (miscis
442 2158 475 2224 b).
531 2157 676 2211 tdentem
689 2154 802 2212 BGel.:
821 2155 918 2211 dentes
935 2159 979 2213 rb.
1032 2158 1100 2212 eti-

78 2229 172 2283 timali
191 2231 206 2284 b
226 2226 352 2297 (—malli
370 2229 408 2295 r):
427 2226 545 2280 titimuli
563 2228 598 2282 B.
721 2234 784 2283 ante
802 2229 853 2280 aut
870 2229 935 2283 add.
955 2229 983 2282 B
1003 2228 1101 2283 Fisica

78 2298 778 2424 tractasset...sarisam
793 2300 1100 2441 lotitiam:

79 2442 186 2494 certum
205 2440 333 2494 solanum
351 2443 379 2495 B
398 2442 517 2509 (σαῦραν
535 2439 639 2508 ἀγρίαν
656 2458 696 2510 pr.
713 2457 742 2508 p.
758 2442 830 2510 431).
905 2446 919 2494 7
940 2456 1044 2496 exseca
1056 2442 1099 2498 B:

80 2510 156 2564 stilio
176 2526 278 2578 excpca
295 2530 317 2565 r.
427 2516 442 2564 8
461 2511 546 2565 cadet
562 2512 628 2580 post
646 2509 854 2566 caricationem.
873 2510 911 2564 Et
928 2511 966 2579 Β,
986 2512 1098 2568 cedent.

79 2581 147 2635 Post
166 2579 374 2635 scarifationem
392 2584 462 2650 etr,
482 2582 585 2636 cadent
603 2583 636 2650 (o.
652 2585 687 2651 6).
724 2581 793 2635 Post
878 2584 928 2650 (sic
941 2599 1006 2638 cum
1023 2584 1099 2652 albo)

82 2651 289 2724 lrificationem.
310 2655 339 2706 et
352 2654 367 2707 b
382 2651 460 2721 (ὅταν
479 2651 710 2723 necessitatem..
729 2670 769 2722 pr.
790 2654 808 2707 l.
826 2654 867 2721 o).
983 2670 1098 2708 coccum

79 2722 207 2793 gnidinm
221 2722 393 2792 (cognidium
408 2725 434 2792 b)
453 2725 550 2779 ctist:
570 2739 667 2777 coccus
683 2722 797 2776 chindii
812 2725 871 2792 (sic)
885 2725 921 2779 B.
980 2730 1014 2778 10
1029 2741 1097 2779 nam

79 2796 109 2848 et
129 2795 200 2849 Get:
220 2795 249 2848 et
266 2795 345 2849 er.
436 2795 531 2863 apost:
551 2797 585 2861 cf.
608 2794 680 2849 Ocea.
697 2812 727 2864 p.
744 2799 787 2861 64,
806 2799 830 2848 5.
857 2793 904 2849 Pe.
927 2793 992 2851 Gal.
1011 2796 1099 2864 XIV,

79 2870 141 2921 356.
249 2864 294 2917 hie
313 2867 349 2919 rb
362 2866 433 2921 cet:
452 2863 499 2918 hic
517 2866 552 2920 B.
662 2863 826 2935 saepissime
845 2865 945 2921 edeta
969 2882 1021 2921 om.
1040 2867 1097 2922 rB.

81 2942 110 2989 lt
131 2937 313 2990 maseandum
331 2937 359 2989 B
378 2935 575 3004 (mansandum
593 2938 631 3005 r):
650 2935 858 2990 masticandum
877 2937 900 2991 b.
996 2942 1028 2991 12
1049 2939 1099 2991 aut

79 3005 116 3062 si:
140 3023 174 3061 ac.
201 3009 251 3060 aut
274 3007 335 3061 sola
359 3007 409 3060 aut
432 3006 456 3059 si
475 3022 539 3060 cum
556 3026 583 3077 p.
599 3032 632 3053 =
649 3005 708 3081 ἰδίᾳ
731 3007 780 3061 καὶ
803 3005 873 3075 μετὰ
895 3005 947 3075 yid
965 3027 1039 3072 ωνος
1056 3026 1096 3079 pr.

75 3095 104 3147 p.
121 3082 182 3132 356.
258 3084 289 3131 12
305 3081 356 3132 aut
374 3083 458 3132 cera?
477 3080 516 3132 sic
529 3095 632 3133 omnes:
651 3080 686 3146 cf.
705 3096 746 3148 pr.
761 3075 778 3145 ἢ
793 3079 909 3145 κηκῖδος
927 3027 964 3133 cg
975 3077 1098 3135 isocen

79 3147 166 3218 μέλαν
185 3147 310 3203 dauvino
330 3150 348 3203 l.
367 3165 388 3202 c.
463 3150 642 3202 contusarum
660 3149 755 3204 rdet:
778 3149 897 3202 contusa
915 3149 973 3205 Bb.
1047 3150 1099 3204 sut

81 3219 105 3272 si
124 3219 212 3273 alium
231 3220 326 3288 odet,
346 3221 375 3272 et
393 3218 418 3271 si
437 3217 529 3271 aleum
547 3238 574 3274 r:
595 3222 624 3274 et
643 3219 737 3273 salicis
756 3220 791 3274 B.
913 3224 947 3273 13
966 3222 996 3274 et
1014 3221 1097 3290 (scl)=

80 3293 130 3344 aut
148 3293 224 3346 codd.
272 3289 358 3358 myrti
372 3291 399 3343 B
411 3289 479 3358 cet,
498 3291 589 3362 myrta
608 3309 631 3360 r,
651 3290 733 3344 mirte
748 3292 764 3344 b
778 3286 924 3360 (μυρσίνης
941 3293 1095 3360 μελαίνης),

79 3360 167 3432 tepid’
186 3361 365 3416 contineatur
383 3364 406 3416 b.
464 3365 498 3413 14
511 3377 547 3415 ne
561 3361 636 3415 ustio
650 3363 686 3416 rb
699 3362 770 3417 Gal:
791 3360 815 3414 si
828 3360 931 3415 nausia
944 3362 981 3416 B.
1022 3367 1054 3417 tt
1067 3360 1095 3415 in

79 3449 139 3488 ore:
159 3449 206 3487 ore
225 3434 249 3502 b,
269 3450 312 3488 om
339 3433 454 3488 rBGel.
560 3432 724 3486 contineant
741 3433 852 3488 Boset:
872 3434 1009 3487 -neatnr
1026 3435 1050 3489 b.

74 3509 111 3557 16
126 3506 156 3559 et
174 3520 208 3558 ex
222 3504 275 3559 hoc
290 3503 316 3559 d.
332 3520 355 3560 c.
366 3502 486 3574 (calefa'c'
499 3505 524 3571 r)
537 3503 585 3557 rB
593 3504 664 3558 Get:
684 3504 713 3556 et
725 3502 778 3557 hoc
793 3504 819 3557 d.
834 3502 904 3557 mire
923 3503 1058 3559 ealefacit
1069 3504 1093 3559 b.
