2288 3878
101 166 143 227 14
415 166 605 217 THEODORI
623 166 802 219 Plusctaul

48 328 91 391 14
189 333 285 410 primo
316 333 490 410 purgatione
518 332 609 390 totius
639 334 773 410 corporis
805 334 851 393 uti
882 336 1053 415 conveniet,
1079 340 1106 393 ut

100 422 183 498 origo
212 438 286 499 (prae
318 421 391 480 liaeo
423 420 562 479 ellecerat
593 426 738 497 egeratur.
789 423 968 500 purgatione
997 424 1104 501 iuquam

100 508 159 569 tali.
197 512 377 569 scamoniam
394 508 478 569 aloen
497 507 701 587 colocpitlrida
720 512 824 588 aequis
842 510 1030 589 ponderibus
1047 528 1104 571 oon·

99 601 184 658 tritas
212 617 284 658 suco
308 596 520 657 cauliculorum
549 605 748 676 temperamus
771 606 802 659 et
824 600 973 677 catapotia
1001 602 1033 659 in
1052 616 1105 659 mo

71 687 169 747 sdum
198 689 260 747 ersi
283 689 367 765 grani
395 688 576 746 conficimus.
622 686 659 745 de
692 686 800 765 quibus
827 690 885 747 erit
913 687 1003 748 nobis
1029 687 1103 768 plena

98 776 177 835 datio
197 794 287 854 grana
306 775 364 855 l'll,
388 774 517 835 secunda
531 774 564 855 V,
587 781 617 834 et
636 782 669 834 ut
687 794 719 835 se
738 778 814 836 ratio
833 778 942 837 aetatis
959 784 992 837 et
1009 793 1102 839 causae

99 865 224 943 qualitas
248 863 386 924 attulerit.

187 952 399 1032 incipientibus
431 971 501 1012 vero
538 953 636 1011 causis
668 952 757 1011 etiam
794 950 856 1011 sola
893 962 1102 1031 [supremorum

98 1042 272 1121 frequenter
298 1041 371 1101 liaeo
397 1040 539 1102 beneficia
564 1042 753 1100 sullcceruut.
799 1048 879 1100 terra
903 1041 1024 1103 cimolia
1045 1058 1101 1103 cum

59 1142 86 1183 1⁰
99 1140 181 1191 aceto
205 1133 332 1191 coutrita
356 1149 409 1190 seu
428 1137 509 1189 oreta
527 1131 693 1206 argentaria
712 1127 857 1189 similiter.
896 1132 943 1190 sio
965 1130 1101 1210 pomlolp

99 1238 166 1279 cum
190 1228 273 1280 aceto
297 1218 463 1297 adhibetur,
486 1220 529 1275 sie
553 1236 657 1295 spuma
681 1220 805 1298 argenti,
828 1219 872 1279 sio
890 1218 1013 1281 chartae
1034 1236 1101 1280 cone

99 1306 202 1367 bustae
226 1309 302 1368 cinis
325 1325 393 1366 cum
417 1312 499 1365 aceto
522 1306 698 1366 medebitur.

188 1395 296 1473 quihus
323 1412 393 1454 vero
421 1393 493 1454 haec
520 1393 684 1454 vulneratio
717 1394 872 1455 obvenerit
901 1414 971 1456 cum
1004 1394 1101 1475 dolore,

98 1485 195 1561 primo
218 1502 254 1542 ex
278 1500 352 1561 aqua
376 1482 469 1542 calida
492 1483 610 1543 lovendi
634 1490 712 1563 sunt,
735 1486 767 1543 iu
790 1501 848 1561 qaia
871 1491 923 1544 aut
945 1494 1043 1545 muita
1060 1490 1101 1545 aut

59 1582 85 1623 1⁵
98 1571 192 1631 rcthus
215 1578 266 1631 aut
288 1574 422 1649 asparagi
446 1572 528 1632 radix
551 1580 602 1631 aut
627 1571 726 1632 salicis
750 1570 818 1631 lolia
841 1574 931 1651 coqui
954 1572 1100 1635 debebunt

98 1660 155 1719 boc
179 1667 209 1719 et
236 1659 376 1720 lenticula
403 1668 485 1721 cocta
509 1668 538 1720 et
561 1679 629 1721 cum
652 1660 740 1721 melle
763 1662 891 1721 coutrita
914 1680 1021 1723 curare
1042 1678 1101 1723 eou-

99 1750 202 1809 suevit.
240 1756 307 1810 aute
326 1757 424 1810 tamen
443 1749 564 1809 lavanda
582 1748 646 1808 loca
663 1757 751 1809 erunt
769 1767 841 1809 suco
855 1748 994 1811 betarum
1012 1752 1101 1811 mixtis

98 1838 177 1899 laeui
196 1842 294 1918 graeci
313 1840 483 1919 pollinihus.
519 1840 584 1917 pini
603 1840 724 1898 corticis
743 1838 891 1899 combusti
905 1841 984 1900 einis
1002 1842 1102 1901 mixtus

98 1932 243 1989 cerotario
268 1948 304 1990 ex
328 1929 393 1990 oleo
417 1946 503 1988 roseo
527 1926 692 1986 adhibetur.
739 1929 782 1987 sie
805 1934 836 1987 et
858 1927 988 2010 cadmia,
1014 1931 1058 1990 sio
1077 1932 1102 1987 et

58 2028 84 2069 2⁰
98 2036 227 2099 cerussa,
252 2021 295 2078 sie
319 2026 349 2078 et
372 2035 475 2097 spuma
495 2018 610 2094 argenti
628 2015 785 2076 adhibetur
803 2018 835 2076 iu
852 2015 977 2078 balneis.
1015 2012 1101 2096 [oum]
1134 2070 1138 2077 .

170 2255 335 2313 iconvenit
353 2258 395 2312 br.
469 2257 575 2312 ahaua
593 2256 623 2326 (h
642 2258 667 2325 b)
687 2258 748 2313 Bb:
768 2256 822 2311 hoo
839 2274 862 2312 r.
935 2257 1054 2328 inquam
1068 2258 1104 2313 B:

96 2327 190 2396 inquit
208 2330 232 2396 b,
250 2326 350 2396 inquid
368 2345 390 2383 r.
513 2334 529 2381 3
549 2327 722 2382 scamoniam
740 2329 775 2396 Β,
796 2344 947 2383 scamonaa
959 2348 988 2386 r:
1008 2327 1104 2401 diagn-

98 2397 176 2451 dium
191 2398 213 2453 b.
296 2397 359 2452 aloe
378 2398 572 2467 coloquintida
590 2399 674 2468 (-da
692 2402 717 2468 r)
735 2399 812 2455 Bbr.
916 2400 1053 2457 contritas
1069 2400 1104 2455 B:

98 2471 165 2522 -10
183 2470 226 2523 br.
300 2470 537 2524 deauliculorum
556 2472 596 2525 B:
615 2469 738 2523 caulium
757 2472 801 2525 br.
880 2471 1104 2543 campanaria

97 2541 155 2609 Bb,
174 2540 350 2608 cataputiam
368 2559 390 2596 r.
445 2546 461 2593 5
481 2541 540 2595 ervi
558 2540 640 2610 grani
653 2542 693 2595 B:
713 2540 794 2595 herbi
812 2540 971 2614 1061061100
990 2542 1106 2613 μέγεθος

97 2612 145 2666 Pa.
165 2611 227 2667 Gal.
248 2612 265 2666 l.
284 2614 325 2681 0.).
414 2612 580 2666 (saecunda.
599 2612 632 2666 V.
652 2614 692 2667 B:
711 2629 762 2668 om.
782 2614 862 2667 bret
879 2612 926 2668 Pa.
946 2613 1012 2669 Gal.
1081 2614 1107 2667 01

96 2685 129 2736 ut
148 2698 233 2737 00
250 2681 378 2736 attulerit
396 2684 454 2753 (aie)
469 2685 545 2738 Bor.
618 2699 720 2737 causae
739 2682 863 2752 qualitas
881 2684 922 2739 B:
942 2700 1031 2740 causa
1043 2700 1106 2754 qua·

96 2752 187 2807 litatis
203 2754 246 2808 br.
303 2753 678 2823 91000001003000010.
738 2755 814 2808 terra
832 2770 882 2810 om.
897 2754 942 2810 br.
994 2762 1030 2811 10
1042 2755 1106 2811 tria

96 2826 139 2879 br.
195 2840 245 2878 seu
263 2841 313 2880 om.
333 2827 376 2880 br.
444 2823 554 2894 argenti
573 2827 618 2880 br.
692 2824 821 2880 similiter
840 2827 879 2880 Be
899 2824 1033 2882 similiter
1049 2842 1108 2882 eum

96 2897 176 2949 aceto
195 2896 238 2951 br.
330 2901 364 2950 10
383 2898 438 2965 (11)
460 2896 500 2950 sie
518 2913 568 2951 om.
589 2897 632 2951 br.
704 2895 867 2967 pomfolega
884 2897 920 2965 Β,
939 2897 1070 2967 pofolida
1085 2898 1107 2967 l,

94 2964 241 3036 ponfolida
260 2985 283 3022 r.
339 2972 371 3019 11
387 2966 518 3038 (argenti)
537 2984 602 3021 eum
619 2969 701 3040 aceto
719 2970 784 3023 add.
800 2969 842 3023 br.
907 2968 1107 3039 1311000011,

95 3037 147 3092 heo
165 3040 189 3106 r)
208 3039 236 3092 B
255 3040 316 3107 (om.
336 3039 384 3093 Pa.
405 3037 487 3106 Gal),
544 3045 576 3092 14
596 3040 646 3093 aut
663 3038 749 3092 miita
763 3040 901 3164 (myrtpr)
916 3040 953 3094 br
967 3042 1108 3111 (μυρσίνης

96 3109 140 3163 Pa.
158 3108 240 3178 901),
260 3110 310 3162 aut
327 3111 435 3178 myrtus
452 3109 510 3164 aaa
521 3110 610 3177 (enias
624 3117 688 3179 post
706 3110 835 3164 10000000
870 3111 1003 3167 1010011040
1014 3114 1106 3183 redit):

96 3178 224 3233 admixta
242 3181 278 3234 B.
372 3186 403 3233 15
423 3178 531 3235 sadieis:
549 3183 590 3236 sic
607 3182 677 3236 Bor
695 3178 781 3249 (ἰτέας
800 3182 846 3236 Pa.
867 3180 951 3250 aaa).
1025 3182 1108 3237 debe·

95 3250 167 3304 bunt
185 3252 234 3306 br:
253 3250 357 3305 debent
375 3252 410 3305 B.
468 3257 500 3304 16
519 3250 573 3305 hoe
591 3252 621 3321 (li
640 3253 666 3321 b)
685 3253 766 3307 Bbr:
786 3269 835 3307 om.
858 3252 917 3307 uer.
976 3258 1010 3307 lt
1029 3254 1109 3308 eruut

96 3323 178 3377 Bbr:
198 3338 249 3377 om.
271 3321 330 3377 oet.
421 3327 454 3375 18
473 3320 552 3375 aliud
570 3330 634 3378 onte
651 3322 713 3393 pini
730 3324 794 3378 add.
815 3323 873 3378 (aet.
893 3324 967 3392 (aaa.
986 3325 1075 3395 Bor).

97 3397 130 3445 19
149 3409 184 3447 ex
202 3395 250 3449 br:
270 3395 299 3447 01
317 3395 345 3448 Β
364 3393 423 3449 Gal.
516 3392 556 3447 aia
575 3395 696 3464 01-(20)
713 3392 825 3448 balneis
843 3411 894 3450 om.
913 3412 929 3449 r
947 3396 1007 3463 (abi
1024 3397 1055 3449 01
1071 3402 1110 3452 tar

95 3467 239 3535 repetitum
256 3481 307 3519 om.
327 3467 361 3535 b).
435 3470 469 3519 20
488 3462 557 3519 cum
575 3466 683 3519 eertum
701 3467 854 3533 estusque
872 3466 1005 3534 (namque
1023 3468 1069 3521 001
1084 3468 1109 3535 r)

96 3537 140 3604 br,
160 3534 273 3591 Certum
292 3537 335 3590 001
352 3551 474 3605 namque
492 3537 532 3590 B:
561 3552 624 3589 oum
643 3537 751 3591 eertum
769 3534 1029 3606 0111000001(οω0.)
1050 3536 1108 3595 Gal.
