2288 3878
53 174 119 242 322
387 174 732 227 rsauno-rnaouoar

55 333 128 403 scrip
149 333 187 387 Vl
210 332 341 387 miscebis
365 335 395 386 et
420 331 502 402 potui
526 330 616 385 dabis.
648 330 727 385 item.
754 328 923 399 gentianae,
951 345 1074 396 murrae,

55 412 255 468 aristolochiae
273 411 420 478 rotundae,
439 411 577 465 bacarum
595 409 669 465 lauri
687 426 744 464 ana
761 409 816 466 tl.
850 408 948 463 omnia
965 408 999 463 in
1012 409 1075 478 pul-

55 510 150 547 verem
168 492 284 546 redacta
302 508 366 544 cum
379 490 463 545 melle
479 490 597 560 colliges
616 493 646 544 et
662 489 694 543 in
708 488 907 559 magnitudine
923 488 1075 543 abellanae

56 591 119 627 cum
137 589 212 640 aqua
232 570 326 624 calida
344 571 425 640 potui
445 571 528 637 dato,
549 569 641 639 epatis
660 569 786 624 dolorem
805 584 907 622 sanare
927 571 1076 638 expertum

29 656 107 707 aest.
132 653 206 706 cicer
230 650 340 711 album,
370 650 504 719 asparagi
532 649 657 704 silvatici
685 666 780 718 cymas
813 651 843 702 et
869 648 956 702 betae
990 648 1075 702 albae

56 749 150 785 semen
165 749 229 784 cum
242 746 316 796 aqua
331 729 368 782 ad
383 729 483 783 tertias
499 729 638 797 decoques
652 732 682 783 et
689 745 740 799 per
754 727 882 782 triduum
896 727 989 797 bibes,
1004 728 1075 782 mire

56 811 172 865 sanasti.
206 810 282 863 item.
307 809 424 862 herbam
452 809 626 863 vettonicam
653 827 688 863 ex
709 808 770 863 vini
792 807 884 876 cyatis
903 808 944 860 111
969 808 1077 862 siccam

57 895 85 945 et
104 892 133 944 in
151 890 296 959 pulverem
314 888 459 942 redactam
477 888 639 956 frequenter
653 891 796 957 sumptam
808 887 943 957 prolicere
964 888 1076 957 experti

57 989 159 1025 snmus.
179 970 283 1023 herbae
302 967 413 1037 lapathi
435 968 545 1022 radices
564 967 702 1022 conterite
721 970 835 1021 etcum
853 966 915 1021 vini
933 966 1078 1035 cyatisVI

18 1064 43 1102 10
56 1050 136 1120 potui
157 1051 238 1117 dato,
261 1048 331 1102 mire
349 1048 523 1117 persanabis.
551 1048 669 1101 herbam
687 1046 818 1101 sabinam
842 1049 872 1100 et
895 1045 1077 1100 absinthium

57 1146 91 1183 ex
110 1146 185 1196 aqua
200 1128 238 1181 ad
251 1127 350 1181 tertias
371 1127 526 1194 decoctam,
542 1130 571 1181 et
584 1143 672 1195 usque
691 1143 776 1180 sanus
792 1125 830 1180 sit
847 1125 980 1195 tepidum
993 1125 1076 1196 potui

58 1209 132 1262 dato.
162 1211 194 1260 ut
213 1207 435 1276 experimentum
454 1207 574 1275 habeas,
597 1205 721 1276 porcello
745 1207 782 1259 da
806 1205 908 1260 exinde
926 1205 1027 1260 bibere
1047 1209 1077 1260 et

58 1288 153 1341 occide
173 1304 245 1355 eum,
264 1290 293 1341 et
312 1286 437 1355 splenem
456 1287 483 1340 ei
502 1304 559 1340 non
572 1285 706 1341 invenies.
732 1284 814 1339 dabis
828 1285 882 1339 hoc
900 1285 1012 1339 homini
1025 1301 1077 1354 per

56 1366 183 1420 triduum
206 1369 235 1419 et
257 1366 287 1418 in
309 1366 402 1435 ipsum
425 1365 500 1420 latus
526 1366 628 1422 iaceat.
656 1366 710 1419 hoc
734 1368 763 1419 et
791 1363 919 1434 splenem
942 1365 1076 1432 potenter

19 1458 43 1498 15
58 1447 145 1498 curat.
174 1444 280 1501 herbae
299 1445 416 1499 sabinae
438 1445 596 1514 pulverem,
619 1444 721 1499 hiemis
744 1461 810 1498 vero
834 1446 962 1512 tempore
987 1444 1076 1498 addes

58 1527 86 1578 et
104 1523 185 1592 piper
209 1524 322 1591 aequali
341 1542 487 1593 mensura,
513 1524 543 1576 in
566 1525 632 1578 vino
655 1541 705 1594 per
727 1523 854 1577 triduum
876 1522 959 1592 potui
984 1523 1075 1591 dabis,

58 1619 145 1670 usque
166 1619 266 1655 sanum
279 1603 323 1675 sit
341 1621 415 1672 epar.
439 1604 493 1657 hoc
513 1606 542 1657 et
560 1605 598 1658 ad
617 1604 741 1674 splenem
755 1603 852 1657 facies.
873 1603 915 1674 [et
929 1602 1012 1658 hiera
1026 1620 1076 1672 per

58 1680 183 1734 triduum
199 1725 204 1734 .
222 1722 228 1734 .
244 1725 249 1735 .
265 1681 313 1736 Pr.

254 1823 301 1878 Aa
314 1824 357 1890 H,
370 1827 408 1877 28
426 1827 487 1892 (82)
507 1823 552 1877 De
572 1824 773 1894 spleniticis
794 1825 876 1893 (fisa).

19 1918 45 1958 ao
130 1902 285 1958 Tamaricis
303 1902 375 1971 ligni
394 1902 544 1956 fasciculos
558 1904 598 1957 Ill
616 1905 646 1956 in
669 1904 727 1958 olla
749 1903 814 1956 rudi
838 1920 902 1957 cum
925 1907 1007 1958 aceto
1029 1905 1076 1958 de-

58 2000 161 2051 coquas
181 1984 218 2037 ad
237 1982 352 2051 tertias,
372 1985 401 2036 et
420 1982 520 2036 exinde
544 1986 638 2037 ternos
661 1983 761 2053 globos
784 1982 980 2052 pertriduum
999 1983 1076 2053 bibe,

59 2066 88 2117 et
107 2063 214 2117 sanasti
237 2062 387 2116 hominem.
416 2062 513 2115 fabam
536 2062 639 2116 frixam
656 2063 687 2116 in
711 2066 791 2117 aceto
814 2079 865 2132 per
887 2062 1015 2117 triduum
1034 2064 1077 2117 in-

58 2142 151 2197 fusam
169 2145 235 2212 post
252 2143 283 2195 in
306 2141 440 2195 mortario
465 2144 538 2194 teres
563 2145 592 2195 et
614 2141 730 2196 induces
753 2141 784 2195 in
802 2159 897 2211 panno
920 2144 1028 2197 mundo
1048 2147 1078 2197 et

59 2240 142 2293 super
161 2222 286 2293 splenem
300 2222 435 2290 impones,
455 2224 484 2274 et
503 2220 695 2276 admiraberis.
722 2220 847 2275 dolorem
861 2221 978 2289 quidem
996 2222 1076 2291 facit,

19 2313 45 2354 25
60 2303 109 2356 sed
129 2319 235 2355 summe
255 2305 344 2355 sanat.
374 2318 443 2370 epar
461 2303 490 2355 et
513 2299 638 2369 splenem
657 2304 749 2368 curat,
774 2301 798 2354 si
820 2301 938 2355 herbam
962 2318 1078 2356 erucam

58 2383 162 2435 tundas
183 2398 216 2434 ac
231 2381 290 2434 suci
305 2381 365 2434 eius
380 2383 477 2449 cyatos
496 2383 631 2449 quattuor
645 2385 674 2434 et
691 2380 752 2435 vini
771 2381 907 2449 cyatumI
920 2381 1003 2450 potui
1018 2382 1076 2449 des,

59 2459 127 2513 etin
136 2459 230 2527 ipsum
243 2458 318 2512 latus
332 2459 434 2527 iaceat,
445 2459 602 2527 vitiumque
617 2460 738 2514 sanabis.
764 2460 818 2514 hoc
832 2459 954 2514 maxime
966 2461 1004 2515 de
1020 2478 1077 2515 ex-

58 2537 261 2608 perimentis
286 2540 336 2590 est.
361 2537 478 2591 herbam
498 2539 627 2593 sabinam
645 2542 674 2594 et
692 2539 867 2593 absinthium
887 2556 921 2593 ex
944 2527 1077 2608 aqua'ad

59 2616 159 2672 tertias
171 2616 309 2683 decoquas
320 2617 349 2669 et
359 2632 393 2669 ex
403 2633 435 2670 eo
446 2618 539 2672 calido
548 2619 625 2673 facto
635 2617 730 2672 ieiuno
743 2617 861 2671 calicem
869 2617 985 2687 plenum
994 2617 1077 2687 potui

19 2712 46 2751 so
61 2695 155 2762 dabis,
180 2697 209 2748 et
226 2693 257 2746 in
279 2694 341 2764 ipso
360 2694 449 2750 latere
473 2697 573 2753 iaceat.
599 2698 653 2752 hoc
676 2697 801 2766 splenem
825 2699 855 2750 et
877 2713 945 2765 epar
969 2696 1077 2766 optime

133 2872 267 2927 lmisces
287 2873 310 2926 b.
367 2874 804 2942 tanat.I.÷Oia...(stc)
825 2875 848 2928 b.
912 2872 1037 2942 4ep'aris
1053 2877 1076 2928 b.

60 2944 210 3013 bsparagi
229 2963 250 2998 s.
270 2959 364 2998 comas
384 2944 407 2997 b.
481 2951 496 2998 6
515 2939 574 2999 bib.
593 2946 663 3000 mire
683 2962 703 3000 s.
724 2947 747 3000 b.
838 2949 853 2997 7
871 2944 958 2998 herbe
978 2945 1078 3000 vetuo-

59 3014 122 3088 nicp
143 3018 166 3070 b.
222 3015 297 3070 sicca
312 3057 318 3068 .
335 3059 339 3069 .
357 3057 362 3069 .
378 3014 671 3086 redacta...sumpta
690 3018 714 3069 b.
771 3014 914 3084 9lapacii
934 3016 957 3070 b.
1011 3032 1077 3069 con-

59 3085 127 3156 trite
143 3088 166 3141 b.
239 3091 273 3140 cu
293 3085 359 3139 uino
380 3088 476 3154 cyatos
490 3087 529 3142 VI
543 3087 570 3142 b.
644 3093 677 3141 10
692 3086 792 3140 savina
807 3088 829 3142 b.
905 3091 937 3138 11
959 3085 1078 3140 decocta

61 3154 201 3224 ...tepid'
223 3159 246 3211 b.
303 3163 336 3210 13
351 3155 438 3209 occid’
451 3159 473 3213 b.
534 3175 559 3212 o.
579 3163 614 3211 c1'1
632 3161 661 3212 et
680 3156 760 3227 splen
779 3157 806 3211 ei
821 3159 845 3212 b.
902 3162 937 3210 14
956 3156 1037 3226 splen
1053 3161 1076 3213 b.

61 3231 94 3279 15
114 3226 250 3299 savineb.
338 3227 419 3281 addis
433 3230 456 3283 b.
548 3235 581 3282 16
600 3228 678 3282 etin
697 3232 719 3283 b.
813 3233 846 3280 17
866 3227 946 3296 splen
966 3231 990 3282 b.

60 3303 95 3351 20
114 3298 256 3352 Tamarici
277 3301 338 3367 (sic)
359 3301 383 3352 b.
457 3305 490 3353 22
500 3300 579 3354 Faba
597 3307 643 3354 etc.
664 3301 728 3368 (pro
748 3301 811 3369 -a)
831 3301 853 3353 b.
910 3303 944 3351 23
964 3297 1033 3352 teris
1053 3300 1076 3353 b.

131 3368 242 3422 inducis
262 3372 285 3426 b.
377 3374 412 3421 24
431 3370 511 3440 splen
530 3373 545 3426 b
566 3372 616 3439 (sic
633 3373 755 3438 semper).
838 3375 871 3423 26
891 3375 960 3423 sucu
979 3371 1003 3424 b.

61 3458 128 3513 dato
148 3461 173 3514 b.
276 3465 310 3514 27
327 3460 347 3513 h·
366 3443 397 3512 iri
416 3461 439 3514 b.
531 3458 683 3526 2801161.
703 3474 789 3528 supra
808 3459 879 3513 idem
898 3458 933 3512 de
952 3457 1077 3513 ictericis

43 3534 157 3605 pam,
176 3534 222 3588 IO.
298 3536 331 3586 29
352 3531 470 3586 decoctu
490 3533 513 3586 b.
600 3574 605 3584 .
