2288 3878
88 171 154 236 120
399 171 591 224 rflnonom
607 171 787 224 recreemur

87 347 188 399 tamen
220 336 444 398 inhaerentibus
477 338 570 415 signis
600 337 647 397 vel
679 336 896 418 accidentibus,
928 358 1003 418 quae
1035 344 1106 422 plus

87 426 214 507 periculi
246 427 344 486 lacere
377 427 538 486 consuevit.
584 432 700 486 meatus
727 428 864 504 utrisque
896 433 1105 493 transvorandi

88 515 218 577 difficilis
241 516 293 575 liet
315 522 345 574 et
368 514 405 573 de
424 513 614 575 conclusione
634 513 767 575 locorum
786 514 832 575 vel
850 518 990 598 suspirio,
1014 523 1105 581 etiam

89 604 262 683 nausiando,
285 601 500 682 periclitantur.

34 686 77 750 23
177 692 209 752 hi
226 692 283 751 hoc
301 691 389 751 modo
408 691 532 752 curandi
550 698 647 752 erunt.
677 690 848 752 cubiculum
866 695 962 754 maius
976 696 1105 757 calidum

61 795 74 834 ⁶
87 781 308 861 procurandum
326 787 380 840 est.
414 780 539 859 clystere
559 782 673 840 acriore
688 780 819 841 officium
833 784 946 842 ventris
961 788 1104 862 cogimus.

87 878 117 931 et
136 872 162 930 si
181 878 261 929 aetas
276 886 381 928 eorum
400 867 496 930 adhuc
510 867 634 929 calidior
648 868 747 949 luerit,
765 868 923 930 llebotomo
938 870 1107 936 liberantur

88 978 124 1019 ex
147 960 231 1018 renis
260 956 315 1017 sub
342 956 442 1035 lingua
470 956 691 1036 apparentibus,
723 975 758 1018 eo
787 976 857 1018 sane
883 966 1019 1039 tempore
1044 983 1104 1041 quo

87 1049 250 1107 necessitas
270 1048 410 1123 coegerit.
442 1045 494 1106 ubi
513 1048 592 1106 enim
611 1044 740 1106 febrium
754 1048 843 1107 timor
857 1047 995 1129 deluerit,
1013 1055 1104 1112 etiam

48 1148 74 1189 ro
88 1143 156 1215 post
184 1136 306 1195 tertium
329 1135 409 1195 diem
433 1137 585 1213 sauguinis
609 1135 753 1195 detractio
776 1154 836 1196 non
858 1144 991 1214 negatur.
1038 1160 1105 1218 gar-

87 1225 257 1303 garismatio
281 1241 350 1283 vero
373 1223 427 1283 has
451 1242 555 1283 causas
581 1223 710 1284 saucium
734 1223 836 1284 solitas
860 1224 1104 1303 frequentissime

87 1312 138 1373 tali
170 1314 306 1371 novimus
339 1311 477 1392 relevari,
509 1311 662 1372 meliorato
695 1313 726 1371 in
755 1331 813 1391 quo
846 1321 896 1373 aut
927 1317 1104 1378 cantabrum

87 1401 275 1479 coquendum
305 1406 351 1460 est
383 1406 433 1459 aut
464 1401 514 1460 fici
546 1402 643 1460 siccae
672 1407 722 1460 aut
750 1401 841 1479 gallae
855 1412 1024 1480 .quassatae
1054 1418 1105 1467 aut

87 1508 156 1550 rosa
181 1491 259 1549 sicca
282 1496 333 1548 aut
355 1487 496 1549 lenticula
519 1496 569 1548 aut
593 1489 759 1550 omlacium.
805 1490 902 1568 aliqua
921 1509 958 1551 ex
981 1493 1029 1553 his
1054 1507 1105 1556 aut

47 1591 72 1632 rs
87 1585 169 1638 certe
198 1579 295 1637 omnia
323 1584 356 1637 ut
388 1579 526 1656 superius
555 1579 762 1638 contexuimus
786 1581 996 1657 concoquenda
1025 1593 1102 1645 sunt.

86 1685 154 1727 nam
183 1674 212 1726 et
239 1666 401 1725 andronius
429 1668 576 1726 trociscus
602 1665 739 1725 omnibus
767 1666 892 1727 medicis
920 1670 1102 1748 approbatus

87 1758 112 1815 si
136 1773 204 1815 cum
227 1773 314 1833 passo
337 1753 383 1815 vel
407 1773 534 1815 caroeno
557 1761 672 1815 teratur
695 1761 725 1814 et
747 1754 830 1814 molli
852 1758 943 1834 pinna
962 1758 1009 1818 his
1029 1760 1103 1821 locis

86 1843 270 1923 adhibeatur,
303 1845 375 1903 satis
407 1846 495 1903 iuvat.
542 1845 586 1903 sic
614 1845 703 1903 etiam
732 1843 769 1902 de
801 1843 874 1904 llore
907 1864 1043 1907 rosarum
1073 1859 1104 1910 et

86 1932 215 1993 alumine
239 1934 332 1992 scisso
357 1940 386 1992 et
409 1931 530 2011 dilryge'
547 1931 644 2010 lapide
667 1931 756 1991 simul
775 1933 928 1993 combusto
947 1936 1103 1998 conlectus

46 2034 73 2075 eo
86 2021 184 2100 pulvis
207 2020 344 2081 similiter
363 2028 544 2099 temperatus
564 2020 747 2080 commodius
766 2021 932 2102 adhibetur,
954 2032 984 2083 et
1002 2034 1102 2086 cetera

85 2110 313 2190 medicamenta,
339 2117 372 2170 ut
399 2110 521 2169 anthera
545 2116 575 2169 et
601 2109 648 2169 his
676 2108 785 2169 similia
810 2113 993 2171 anteriorum
1021 2133 1102 2174 com·

157 2287 172 2335 2
190 2287 251 2351 poet
274 2279 419 2334 consuevit
437 2281 487 2349 (sic
506 2280 551 2335 Vb
563 2281 634 2346 oet,
659 2279 770 2334 consuit
787 2299 814 2343 r,
839 2287 1045 2338 consueverunt
1063 2287 1102 2356 B)

85 2354 179 2407 addo
198 2351 271 2405 hanc
291 2354 386 2404 autem
405 2350 577 2418 syquinence
596 2349 698 2405 medici
718 2350 866 2420 appellent
880 2378 913 2397 =
929 2353 1014 2409 boet.
1026 2355 1100 2410 hene

86 2423 205 2476 eandem
223 2420 386 2490 synanchen
404 2420 507 2474 medici
527 2420 670 2489 appellare
685 2424 895 2476 consueverunt.
915 2423 949 2489 cs.
968 2423 1040 2480 Geel.
1055 2430 1102 2482 cel.

85 2497 189 2547 30.1.
262 2491 388 2558 utrisque
406 2491 525 2545 rbGedr
544 2490 690 2559 utriusque
714 2492 772 2547 VB.
849 2494 1046 2549 transvehendi
1065 2500 1101 2552 B.

85 2567 101 2615 3
121 2562 144 2616 dr
162 2560 412 2616 exdeconolusione
437 2561 468 2614 V.
573 2567 589 2614 6
609 2561 728 2630 clystere
748 2562 854 2618 acriore
872 2566 909 2618 rb
921 2565 978 2620 Get.
994 2567 1103 2635 (clistre

85 2635 169 2722 adore
188 2668 228 2737 b):
248 2666 368 2734 clystere
387 2665 486 2720 edrore
504 2668 563 2736 (sic)
584 2667 616 2734 V,
635 2667 756 2724 clisteris
775 2669 874 2724 erdere
892 2670 927 2725 B.
1025 2674 1102 2744 cogi-

84 2757 147 2793 mus
166 2741 190 2802 b,
210 2737 335 2807 cogimur
353 2755 382 2793 r:
401 2753 533 2807 cogemus
552 2738 609 2792 VB
621 2739 678 2794 cet.
753 2745 786 2795 10
800 2740 1019 2822 gargarismatio
1033 2745 1103 2815 cet,

85 2809 210 2864 -metia
232 2810 265 2877 V,
285 2807 412 2862 -mecia
430 2810 469 2864 B:
489 2808 736 2879 gargarismus,
755 2814 876 2866 -matre
895 2814 918 2866 b.
988 2822 1016 2867 ll
1039 2815 1102 2870 fau-

85 2881 159 2936 cium
178 2879 276 2934 solites
291 2881 306 2935 b
320 2887 346 2936 ct
359 2882 419 2949 (om.
439 2879 574 2950 leucium)
588 2898 615 2935 r:
634 2879 759 2934 leucium
773 2884 832 2951 (om.
854 2882 962 2953 solitas)
975 2885 1029 2940 VB
1041 2886 1102 2943 oet.

88 2958 120 3007 12
139 2955 160 3008 t.
179 2958 197 3005 fi
215 2950 345 3005 novimus
363 2953 399 3007 B.
465 2956 498 3006 13
515 2950 563 3004 fici
582 2950 649 3005 sicci
673 2952 704 3018 V,
723 2952 792 3006 ficus
812 2953 879 3008 sicci
896 2973 920 3023 r,
938 2954 1008 3009 ficus
1027 2956 1104 3012 sicce

84 3024 142 3079 bB.
253 3028 285 3076 14
307 3029 370 3093 post
389 3022 453 3077 omf.
474 3023 537 3078 odd.
558 3024 573 3076 b
593 3023 643 3075 aut
666 3021 753 3076 cimas
775 3023 839 3077 rubi
860 3025 1027 3080 tenerrimas
1052 3032 1104 3083 eut

83 3093 153 3148 meli
171 3093 286 3164 granati
303 3096 405 3149 cortex.
494 3099 526 3146 16
546 3095 574 3146 et
597 3093 724 3149 Vocet:
744 3111 794 3150 oro.
814 3096 873 3150 rB.
947 3097 1102 3154 andronius

86 3166 153 3234 oet,
173 3164 305 3220 andronio
319 3185 346 3221 r:
367 3163 535 3219 andronicus
543 3165 636 3233 (-cos
657 3163 693 3232 V)
714 3165 799 3219 VBb.
854 3166 1020 3223 medicierb
1034 3170 1102 3226 Get:

84 3235 192 3290 meritis
217 3237 277 3292 VB.
368 3236 541 3306 approbetur
564 3235 595 3291 V.
683 3240 715 3287 17
735 3235 781 3290 vel
799 3239 834 3292 rb
846 3239 918 3293 uec:
939 3241 989 3292 aut
1007 3242 1064 3296 rB.

85 3323 185 3362 cereno
200 3309 276 3363 codd.
350 3306 440 3377 pinne
455 3306 560 3361 Vtut:
578 3307 757 3375 pennaer.
850 3314 882 3362 19
898 3308 1029 3380 dipbrige
1042 3312 1101 3367 eet.

85 3377 234 3449 (defi-igido
253 3378 311 3446 rb)=
332 3377 462 3447 delrsrgo
479 3376 542 3431 VB.
606 3375 750 3432 conbusto.
771 3376 983 3448 Combueto(sic
997 3383 1048 3451 bis)
1069 3384 1100 3438 V.

83 3455 116 3504 21
144 3449 315 3505 anteriorum
339 3450 394 3505 VB
402 3448 473 3503 oet:
500 3446 625 3517 priorum
648 3448 794 3502 auctorum
817 3450 846 3518 b,
874 3450 1055 3520 antiquorum
1078 3472 1103 3509 r.

72 3523 243 3590 eom(con-
259 3518 439 3592 V)positione
457 3519 566 3575 rbVB:
586 3516 757 3573 auctoritate
778 3520 835 3577 Get.
