2288 3878
61 161 127 227 472
469 161 673 213 1111101111

61 340 128 377 nam
151 320 291 375 toramina
315 323 380 375 sunt
403 321 434 374 in
457 319 497 375 sis
521 318 611 388 XIIII,
637 335 708 388 quas
731 318 808 389 greci
831 321 949 378 brocias
973 330 1087 382 vocant.
1116 330 1126 383 .<

61 420 128 458 nam
147 400 201 454 hoc
219 401 296 470 qnod
314 399 456 470 loquimur
474 398 570 470 pulmo
587 401 705 468 prestat.
732 399 782 453 ubi
805 400 883 455 enim
901 420 956 472 per
974 405 1087 461 fistulas
1115 405 1126 467 Ξ

62 483 156 538 idest
178 498 229 550 per
251 481 371 536 arterias
394 479 518 549 repletus
542 478 658 548 spiritus
681 478 794 533 inflavit
815 480 904 535 fibras
930 502 1087 555 rursusque

63 564 93 616 in
116 579 145 616 se
169 560 288 630 recepit,
316 563 349 614 ut
372 562 442 630 aput
464 559 561 613 fabros
584 557 666 614 folles
690 559 782 614 solent
807 560 944 630 spiritum
972 555 1104 689 trahere}

35 642 147 698 amodo
166 643 309 710 receptum
332 640 500 709 exprimere,
522 641 717 708 perangusto
741 639 835 708 spatio
858 640 920 695 ictu
945 660 998 698 suo
1024 663 1087 700 san·

63 723 177 792 grunem
205 736 359 788 sonumque
387 717 502 789 inpulsu
530 733 580 772 sno
607 717 714 773 faciens
743 722 915 774 excantatur
940 741 1034 792 usque
1058 727 1087 779 in

63 800 263 871 epiglosidem‚
291 815 343 852 nec
365 802 462 853 tamon
485 797 549 868 plus
572 815 658 866 quam
680 798 804 867 quinque
827 817 914 855 voces
939 802 1088 876 intellegit

63 879 233 951 opigloside,
257 894 312 946 quo
336 894 405 932 sono
428 877 541 932 vocales
561 878 744 948 appellamus.
769 896 857 946 quare
881 898 1022 950 spumosa
1041 901 1086 938 ex-

63 966 208 1015 creamus?
231 957 298 1026 quia
321 975 452 1028 pressura
475 956 639 1027 pulmonum
661 974 712 1027 por
734 958 877 1028 inquietas
902 961 966 1016 vias
992 966 1085 1017 trans-

23 1055 49 1094 10
62 1038 210 1110 figurando
235 1054 381 1107 expressus
404 1038 505 1091 humor
533 1040 657 1106 spumat,
686 1040 715 1092 st
737 1037 855 1092 intimus
883 1041 965 1095 calor
994 1044 1085 1098 nostri

62 1119 199 1174 materiae
217 1118 271 1172 hoc
291 1121 334 1172 est
352 1118 453 1172 humor
472 1119 605 1172 exaustas
624 1117 713 1172 veluti
731 1117 762 1170 in
779 1117 863 1172 nobis
881 1118 914 1172 in
933 1126 1026 1191 caput
1044 1142 1084 1179 re-

62 1199 125 1253 fert.
150 1214 233 1266 quem
256 1197 381 1267 partium
404 1196 529 1251 officium
552 1199 603 1251 aut
627 1200 701 1252 sorte
723 1197 877 1266 recipiunt,
907 1199 994 1255 siccis
1015 1202 1084 1258 locis

62 1280 230 1347 temperant,
250 1276 398 1331 lacrimam
415 1293 544 1331 muccum
562 1277 609 1331 vel
628 1276 755 1330 salivam.

134 1355 352 1410 Stomachum
375 1358 471 1411 autem
493 1358 633 1425 nostum,
657 1355 706 1425 qui
730 1355 887 1410 dominium
910 1360 1006 1416 totius
1026 1380 1084 1417 cor·

23 1447 49 1489 11
63 1435 139 1506 poris
162 1436 302 1505 possidet,
327 1436 463 1490 alimenta
487 1434 599 1503 digerit.
627 1452 678 1505 per
705 1452 789 1504 quem
811 1435 918 1491 famem
946 1439 1084 1510 sitimque

63 1514 207 1581 sentimus,
225 1514 319 1569 medio
338 1531 482 1584 nervosus,
507 1515 606 1569 dextra
624 1515 744 1583 levaque
763 1530 834 1569 vens
854 1517 985 1590 sanguis.
1008 1521 1084 1591 posi-

62 1598 108 1649 tus
127 1597 172 1649 cst
190 1595 286 1647 autem
304 1593 379 1648 inter
398 1595 497 1649 ambas
515 1597 611 1665 partes
626 1594 805 1663 scapularum
822 1594 900 1650 intra
918 1601 1085 1656 vertebram

63 1673 184 1744 septima
203 1672 334 1742 cervices,
353 1673 428 1728 inter
447 1674 517 1728 duas
537 1673 656 1728 arterias
675 1673 775 1728 similis
794 1674 945 1745 intestino,
970 1679 1086 1749 plenior

63 1754 185 1824 quidem.
202 1758 287 1823 atque
301 1754 431 1809 rotundis
446 1757 558 1808 constat
571 1753 715 1824 tuniculis,
731 1754 896 1822 duabusque
911 1765 1085 1830 exasperate

22 1848 48 1888 10
63 1836 145 1890 tardo
164 1835 305 1891 resedunt.
324 1834 443 1888 vulnera
461 1837 581 1888 mortem
597 1833 734 1902 inferunt,
754 1833 821 1902 quia
840 1834 1008 1894 cicatricem
1026 1859 1084 1896 non

63 1915 213 1971 deducunt.
242 1915 347 1985 positio
375 1913 453 1967 illius
481 1930 538 1967 una
565 1917 646 1983 parte
674 1913 821 1983 angustior
842 1914 873 1967 in
902 1934 1016 1975 summo
1040 1927 1086 1977 est

62 1994 219 2049 mammillo
239 1994 370 2049 defusior.
391 1997 523 2064 acceptus
538 1993 613 2048 enim
628 1994 707 2047 cibus
723 1993 872 2063 paululum
886 1996 971 2067 sedit,
993 2000 1086 2056 donec

62 2074 138 2142 quod
158 2074 375 2130 subtilissimum
388 2073 518 2128 fueritin
533 2073 700 2128 alimentum
714 2073 898 2143 dispensetur.
918 2079 991 2133 tunc
1006 2083 1086 2148 quod

62 2171 266 2223 supervacuum
285 2156 505 2223 atque.exutum
529 2152 617 2206 sicin
640 2156 766 2209 1011110111
786 2153 914 2210 dimittit.
941 2156 995 2213 ille
1015 2178 1086 2231 ergo

20 2245 47 2285 ao
62 2250 126 2287 cum
150 2234 311 2304 digesserit,
341 2233 446 2288 esurire
468 2250 519 2287 nos
548 2233 632 2301 cogit.
662 2233 745 2287 simul
773 2234 841 2287 dum
867 2241 989 2306 accepta
1019 2257 1087 2296 osca

1113 549 1126 605 i

1113 627 1125 689 ,Β

133 2378 303 2443 lquattuor
327 2376 388 2430 UG.
445 2377 616 2441 aquattuor
635 2375 727 2430 decim
746 2376 808 2430 UG.
877 2376 931 2430 hoc
951 2381 1085 2446 quodP:

60 2447 130 2513 quot
149 2448 218 2512 quot
242 2446 305 2500 Ue.
379 2444 519 2512 loquimus
532 2445 565 2499 G.
621 2445 730 2501 fistulas
754 2447 818 2503 Uo.
891 2448 959 2501 3id
980 2464 1016 2509 ÷
1030 2471 1087 2522 per

60 2519 112 2570 art.
132 2514 257 2583 repletus
277 2517 314 2570 P:
334 2533 384 2569 om.
409 2516 436 2571 U
441 2515 473 2569 G.
547 2533 601 2584 que
621 2533 671 2572 om.
697 2518 760 2573 Uo.
850 2517 953 2587 recipit
973 2522 1008 2576 P.

59 2585 171 2654 4apud
195 2586 226 2640 U.
300 2585 415 2654 spiritus
439 2586 502 2641 UG.
575 2590 668 2642 traere
692 2589 723 2644 U.
797 2589 904 2643 tictus
924 2590 957 2644 P.
1018 2610 1086 2649 san-

59 2656 144 2727 guine
169 2656 233 2712 UG.
289 2666 450 2724 osonuque
474 2657 532 2712 UG.
590 2657 702 2728 inpulso
718 2660 784 2714 PU.
858 2663 1030 2717 cruentatur
1043 2666 1085 2722 P:

60 2731 196 2784 exacutur
219 2729 250 2798 U,
270 2730 423 2783 exacuatur
444 2728 478 2782 G.
559 2729 768 2799 lepiclosiden
791 2731 855 2786 UG.
942 2748 1031 2799 quam
1052 2736 1085 2790 in

59 2819 86 2869 q.
104 2802 171 2858 GU.
226 2799 363 2870 intelligit
379 2800 412 2855 G.
468 2798 657 2869 sepicloside
673 2802 736 2856 Ua.
796 2803 899 2870 quoP:
920 2805 999 2870 quod
1019 2807 1083 2863 UG.

60 2877 76 2924 9
95 2890 226 2941 pressura
245 2872 409 2943 pulmonum
428 2871 498 2927 PU:
524 2878 572 2941 ips
591 2871 729 2954 (spiritus)
748 2889 832 2940 supra
855 2871 1024 2941 pulmonum
1046 2879 1082 2932 G.

60 2948 94 2996 10
114 2944 137 2997 do
156 2945 286 2999 tintimus
306 2945 338 3000 P.
421 2948 453 2995 11
473 2942 591 2997 materie
615 2944 646 3011 U,
666 2961 743 3016 —rrp
764 2943 797 2998 G.
869 2941 950 2998 velut
970 2946 1005 3000 G.

60 3017 92 3064 12
111 3015 210 3080 parciir
230 3016 324 3071 officiu
344 3016 376 3070 P.
450 3013 595 3083 decipiunt
618 3014 681 3069 UG.
755 3013 840 3067 sichis
860 3015 891 3068 P.
949 3016 1083 3073 1481110-

57 3082 190 3137 maohum
200 3087 237 3140 P:
257 3089 412 3142 1000011110
426 3093 464 3140 est
480 3103 539 3154 cap.
555 3087 653 3140 XVII
662 3086 781 3140 initium.
854 3084 903 3152 qui
918 3085 1083 3144 dominium

60 3157 107 3206 etc.
127 3153 155 3203 P
173 3156 219 3220 (cf.
243 3156 342 3212 Theod.
363 3157 452 3212 Prisc.
467 3160 494 3225 2,
509 3161 572 3224 8411
592 3155 641 3224 qui
661 3155 790 3210 dominus
809 3157 853 3209 est
870 3157 890 3208 t.
911 3172 933 3209 c.
959 3157 1017 3212 UG
1039 3162 1083 3226 (G

58 3258 90 3310 iu
108 3273 192 3326 marp.
212 3259 291 3340 habet
311 3233 460 3317 clausi]
478 3267 515 3333 †).
643 3260 821 3343 roppssedit
840 3260 878 3314 P:
898 3262 928 3313 et
945 3262 1081 3329 possidet

64 3327 127 3382 UG.
184 3328 294 3396 degerit
313 3331 350 3385 P:
371 3334 400 3385 et
419 3334 529 3403 degerit
552 3334 615 3388 UG.
672 3336 775 3400 srtrque
791 3332 822 3384 P.
879 3336 913 3383 19
932 3331 1028 3399 adque
1043 3336 1080 3392 P.

59 3397 196 3453 cuniculis
222 3399 280 3454 UG.
354 3407 389 3453 22
408 3404 535 3458 mamillo
559 3405 623 3460 UG.
678 3401 823 3472 paululum
841 3399 879 3454 P:
898 3401 1030 3470 paullum
1046 3407 1081 3476 U,

58 3468 176 3538 paulum
197 3469 229 3525 G.
304 3475 337 3522 23
356 3471 443 3526 fuerit
462 3476 524 3531 PU
526 3499 532 3530 ε
552 3475 632 3529 fieret
652 3475 685 3529 G.
762 3472 913 3525 ravenue
937 3472 1002 3528 UG.

61 3547 94 3594 25
115 3539 284 3608 degresserit
294 3541 325 3594 P.
380 3543 490 3598 exurire
500 3545 532 3598 P.
588 3543 758 3600 11010116.
813 3554 877 3592 esca
897 3541 962 3598 Ua:
978 3560 1028 3598 sca
1043 3547 1080 3604 P.
