2288 3878
71 155 134 220 156
388 156 579 210 THEODORI
596 155 777 210 PRISGIANI

69 339 128 382 una
161 321 313 400 diligentia
344 321 490 383 visitanda
518 329 601 404 sunt,
628 340 732 384 eorum
759 340 839 386 nunc
871 341 959 384 curas
988 324 1091 409 deter-

68 410 196 471 minabo.
471 425 475 430 ’
925 416 928 421 “

159 499 282 560 collecta
304 500 395 577 igitur
422 498 555 560 membra
582 506 613 559 et
640 517 747 560 causae
774 502 803 560 vi
831 503 988 580 repentina
1016 521 1091 563 con·

70 590 213 650 tractione
232 589 377 648 minorata
396 587 534 649 omnibns
552 586 720 649 chalasticis
739 587 896 650 adiutoriis
910 589 1087 651 resolvenda

44 697 57 737 s
72 684 150 758 sunt,
163 676 302 737 mollibus
317 694 458 737 manuum
471 675 678 737 fricationibus
687 683 718 737 et
730 680 892 756 unguentis
907 696 945 740 ex
958 678 1090 739 diversis

71 766 208 845 adipibus
221 772 252 826 et
264 764 403 825 medullis
417 784 493 844 quae
506 772 633 844 possunt
645 763 710 825 loca
724 765 928 827 contrahentia
942 767 1089 828 relaxare.
1104 760 1114 776 ‘

70 861 139 914 utor
157 855 295 914 lomentis
315 852 453 914 similiter
470 871 613 932 aquarum
632 852 860 915 chalasticarnm
880 873 917 916 ex
936 857 1086 915 seminum

72 941 245 1003 decoctione
277 949 306 1002 et
343 942 474 1002 althaeae
507 940 667 1002 radicibus.
712 941 812 1003 indico
843 945 956 1004 interea
989 942 1083 1002 solam

71 1049 177 1110 aquam
200 1029 323 1091 calidam
347 1048 414 1094 esse
436 1030 603 1112 potandam,
629 1047 700 1091 sane
723 1029 943 1092 concedendurn
966 1036 1085 1089 estant

33 1138 59 1177 ιο
73 1121 199 1198 apiatam
223 1126 273 1179 aut
296 1119 469 1198 hydromeli.
487 1116 492 1126 ’

160 1208 290 1268 resoluta
312 1226 382 1268 vero
405 1207 538 1267 membra
562 1207 699 1268 omnibns
721 1207 853 1286 stypticis
876 1204 1032 1266 adiutoriis
1052 1213 1085 1265 et

72 1296 275 1373 frigidioribus
297 1295 459 1372 colligenda
479 1303 557 1375 sunt,
580 1297 669 1356 siccis
687 1293 898 1375 sudationibus,
920 1296 1085 1372 unguentis

73 1382 418 1460 qnoquemordentibns
437 1400 473 1441 ex
493 1383 557 1443 oleo
582 1386 704 1462 cyprino
726 1381 773 1444 vel
794 1382 874 1444 calce
896 1385 963 1442 viva
984 1382 1085 1442 eulor-

71 1469 121 1528 bio
145 1477 279 1529 castoreo
303 1470 408 1530 adarce
432 1476 462 1529 et
485 1471 633 1532 similibus
656 1474 765 1533 ceteris
789 1473 971 1551 temperatis.
1017 1489 1086 1531 narn

33 1574 59 1615 ιε
73 1563 103 1617 et
125 1556 204 1634 ligna
227 1559 353 1618 iacentia
376 1558 502 1618 subinde
527 1577 578 1619 eos
600 1559 709 1621 suadeo
733 1559 843 1621 debere
865 1558 1088 1620 transcendere.

73 1663 143 1705 sane
171 1648 197 1705 si
228 1664 282 1724 pes
315 1664 351 1706 ex
374 1647 428 1707 hac
460 1647 641 1708 resolutione
674 1649 816 1710 dimissus
848 1667 936 1709 usum
967 1649 1087 1727 penitus

72 1733 271 1816 denegaverit,
294 1734 464 1796 lamminam
487 1736 601 1815 plumbi
623 1738 708 1815 prius
726 1739 883 1798 unciarum
905 1739 997 1797 trium
1017 1738 1088 1796 arti-

73 1823 148 1887 culis
167 1823 301 1885 eiusdem
319 1826 404 1904 pedis
423 1825 593 1905 admovebo,
612 1827 643 1885 in
658 1828 748 1885 tertio
766 1825 814 1886 die
833 1827 937 1887 uncias
956 1824 1088 1902 singulas

74 1913 284 1992 superaddens.
334 1914 390 1974 hoc
420 1913 524 1974 diebus
551 1913 602 1973 XL
630 1913 767 1995 servabo,
798 1921 833 1975 ut
864 1913 944 1974 illam
975 1913 1089 1992 ponde-

33 2005 218 2063 serationem
242 2022 316 2082 quae
336 2021 372 2062 eo
391 2011 524 2081 tempore
547 2002 674 2062 creverit
691 2020 750 2062 usu
768 2004 907 2062 noverint
929 2003 1089 2062 sustinere.

145 2251 158 2297 1
179 2244 323 2298 visitanda
341 2245 388 2299 rb:
408 2242 474 2297 -di
487 2244 523 2298 B.
627 2243 685 2295 tet
703 2257 790 2296 cansa
808 2241 839 2294 in
856 2241 1005 2312 repentina
1023 2258 1089 2295 eon-

72 2315 210 2369 tractione
229 2315 392 2369 dominante
407 2317 467 2385 (etc)
482 2317 505 2369 b.
604 2318 753 2366 amanum
771 2315 865 2382 (-nv'1)
883 2314 956 2369 er.
999 2358 1002 2363 .
1053 2314 1088 2379 cf.

73 2387 137 2440 Ese.
152 2404 174 2440 e.
188 2391 227 2440 22
241 2389 282 2455 (p.
297 2388 370 2454 340¹).
444 2391 459 2437 6
478 2385 596 2455 possunt
613 2402 636 2452 r,
655 2390 720 2453 pos-s
735 2385 764 2439 br
782 2382 877 2437 —sint
894 2384 931 2439 B.
1006 2389 1022 2438 8
1041 2382 1089 2436 de·

73 2454 200 2509 coctione
218 2458 254 2510 rb
266 2456 337 2511 Get:
361 2455 479 2509 —nibus
502 2457 538 2511 B.
664 2453 820 2524 potandam
838 2457 874 2511 rb
886 2455 960 2510 θεῖε
987 2454 1089 2509 biben-

74 2524 140 2578 dam
157 2525 193 2579 B.
289 2531 323 2579 10
342 2525 469 2595 apiatam
487 2528 535 2582 rb:
555 2525 684 2595 apiatnm
701 2525 798 2581 Βθεῖ
876 2524 1047 2594 sydromelli
1065 2543 1091 2591 r,

72 2594 258 2664 ydromellum
272 2597 308 2664 B,
328 2595 446 2649 -melle
461 2598 484 2652 b.
543 2602 576 2649 12
590 2598 625 2664 ef.
642 2597 709 2652 Gar.
721 2601 746 2664 5,
760 2599 797 2651 22
807 2597 866 2664 (obi
879 2613 913 2651 ece
926 2597 1018 2652 Escot
1027 2597 1087 2665 22).

74 2671 107 2719 13
136 2664 296 2735 colligenda
324 2668 389 2719 sunt
411 2669 486 2736 (post
508 2667 607 2736 mord.)
628 2685 684 2737 rep.
706 2667 764 2723 Get.
873 2671 906 2721 15
932 2666 1024 2737 ligna:
1053 2668 1088 2734 cf.

75 2736 147 2792 θαεῖ.
166 2737 220 2791 etr.
240 2743 269 2805 2,
289 2741 332 2793 47.
440 2737 545 2791 suadeo
563 2738 681 2794 rchl.:
702 2737 825 2792 suadebo
844 2737 880 2792 B.
986 2737 1088 2791 debere

74 2813 137 2863 acte
154 2807 248 2877 εθεῖ.,
263 2815 327 2877 post
344 2809 447 2863 transe.
467 2810 546 2864 babet
559 2809 595 2876 B,
614 2825 665 2863 om.
685 2810 707 2864 b.
806 2813 839 2861 16
859 2807 991 2862 dimissus
1009 2809 1087 2864 er:

73 2895 123 2933 om.
145 2877 203 2933 θεῖ.
306 2896 388 2933 nsum
407 2882 485 2949 (-us
504 2882 529 2948 r)
548 2878 661 2949 penitus
679 2880 739 2934 rB:
758 2896 840 2933 nsum
857 2879 971 2948 penitus
990 2879 1087 2933 ambu-

73 2947 153 3003 landi
174 2949 230 3004 θεῖ.
247 2952 368 3020 (gressus
386 2950 500 3020 penitus
519 2952 552 3020 b).
627 2955 660 3002 17
680 2948 863 3020 denegaverit
876 2951 983 3006 rbGet.
1039 2967 1087 3004 ne-

74 3018 184 3091 gaverit
195 3020 253 3075 θεῖ.
314 3021 480 3075 lamminam
489 3022 529 3077 B:
544 3019 681 3074 laminam
694 3022 731 3076 rb
743 3022 800 3076 θεῖ.
812 3023 924 3090 (adrem
936 3021 1006 3077 Ooel.
1018 3023 1036 3076 ῖ.
1046 3023 1087 3089 ε).
1100 3026 1106 3038 ’

73 3089 184 3161 plumbi
206 3093 287 3146 rbB:
310 3091 473 3162 plumbeam
497 3092 555 3147 θεῖ.
683 3097 716 3145 18
740 3091 866 3145 eiusdem
889 3091 971 3174 pedis
988 3092 1088 3147 εθεῖε

74 3162 133 3216 eins
152 3161 220 3230 pedi
238 3164 266 3217 B
285 3163 375 3231 (-dis
395 3166 429 3234 b).
501 3162 532 3216 in
550 3161 634 3215 tertio
654 3161 701 3216 die
719 3164 768 3218 rb:
786 3160 817 3215 in
835 3164 952 3216 tertuum
970 3161 1045 3216 diem
1059 3163 1088 3216 B

74 3232 197 3304 (intrat.
218 3232 244 3286 d.
265 3233 343 3301 Get).
379 3271 383 3279 -
402 3234 500 3288 uncias
519 3232 646 3303 singulas
660 3234 703 3287 rB
713 3234 784 3289 Get:
804 3232 931 3304 singulas
950 3233 1048 3287 uncias
1063 3234 1087 3287 b.

75 3309 107 3357 19
127 3304 317 3372 superaddens
335 3305 453 3360 εῖθεῖι
478 3303 557 3358 —dis
576 3304 612 3358 B.
739 3304 857 3358 servabo
880 3306 913 3357 ut
935 3303 986 3358 illa
1004 3305 1087 3359 er:

74 3391 162 3429 serva.
181 3373 233 3428 illa
243 3375 300 3429 θεῖ.
316 3376 375 3445 (abi
388 3374 439 3429 illa
453 3373 673 3445 ponderatione).
734 3380 768 3428 20
782 3391 815 3429 eo
828 3376 873 3430 rB
883 3375 954 3430 Get:
968 3376 1049 3429 tanto
1064 3376 1087 3429 b.

74 3444 193 3500 creverit
210 3447 254 3501 rB
261 3447 333 3502 Get:
354 3448 434 3500 —rat
451 3449 475 3501 b.
556 3462 610 3499 usn
628 3444 754 3500 noverim
773 3447 832 3517 (sic)
850 3446 977 3516 B,.usus
996 3448 1090 3515 (usum

70 3518 138 3587 θεῖ,
160 3522 212 3572 usia
231 3520 256 3590 r)
274 3516 385 3572 noverit
401 3519 438 3573 rb
449 3517 509 3573 θεῖ.
