2288 3878
96 145 140 210 94
406 146 596 199 THEODORI
612 146 792 198 Pmsemru

95 311 167 372 lotio
190 314 277 391 pueri
299 313 403 372 tritum
426 310 641 389 apponendum.
683 318 714 371 et
736 317 818 389 gutta
842 312 1018 371 ammoniaci
1042 330 1113 372 cum

96 408 179 461 aceto
202 402 273 460 trita
297 400 435 460 similiter
458 399 622 461 adhibetur.
660 406 689 461 et
711 401 788 478 misy
811 406 841 459 et
864 399 1055 460 aristolochia
1075 420 1111 461 ex

97 507 190 568 aequo
215 496 337 549 contusa
361 506 428 549 cum
455 487 543 548 melle
572 487 707 548 adhiberi
730 487 827 548 debet.
872 487 929 547 hoc
952 495 983 548 et
1006 507 1111 549 rasura

97 577 268 638 cucurbitae
292 579 363 637 trita
385 577 481 637 faciet.

69 747 82 788 5
357 734 497 795 Xllllllll.
534 734 579 794 De
603 734 845 813 paronychiis.

43 837 86 901 90
184 842 365 921 Paronpchia
395 843 427 900 in
459 842 554 900 initiis
581 839 648 900 lana
675 857 712 900 ex
739 858 815 918 aqua
843 839 941 900 inlusa
969 843 1111 920 imposita

97 938 189 1012 curat,
213 948 287 1009 quae
311 929 463 1008 frigidiore
487 947 561 1008 aqua
582 929 769 1007 frequentius
788 928 938 1006 irriganda
956 931 1023 989 erit.
1061 930 1107 989 his

97 1022 185 1080 etiam
208 1019 288 1079 allita
311 1037 378 1079 cum
401 1036 476 1097 aqua
498 1019 568 1077 trita
592 1015 757 1076 adhibenda
776 1023 872 1077 erunt.
915 1019 959 1077 sic
978 1025 1009 1076 et
1032 1021 1110 1078 turis

96 1107 221 1169 masculi
252 1107 348 1187 pulvis
377 1126 444 1167 cum
476 1104 563 1166 melle
591 1107 702 1165 mixtus
732 1104 914 1185 medebitur,
947 1107 991 1165 sic
1019 1109 1109 1166 etiam

57 1209 83 1248 1⁰
96 1196 252 1278 gallarum,
285 1199 329 1257 sie
361 1196 579 1274 auripigmenti.
626 1196 677 1271 qui
708 1195 768 1253 nisi
799 1196 1018 1274 percuraverit,
1050 1213 1109 1254 non

97 1285 212 1432 enhebi
239 1374 352 1431 saniem
385 1388 455 1429 sane
484 1369 650 1451 collegerit,
681 1369 779 1430 locum
807 1387 930 1448 pungas.
977 1370 1014 1430 ad
1044 1373 1110 1431 eius

96 1459 292 1536 digestionem
326 1465 355 1518 et
386 1457 556 1518 lenticulam
588 1466 701 1518 coctam
733 1476 801 1518 cum
833 1457 920 1518 melle
951 1461 1110 1519 contritam

97 1549 331 1625 superimpones
378 1553 408 1606 et
430 1554 544 1606 murtae
568 1546 637 1606 lolia
659 1543 765 1606 viridia
786 1549 858 1607 trita
881 1546 1020 1607 similiter
1042 1566 1109 1607 cum

56 1641 82 1682 1⁵
96 1633 185 1695 melle
217 1634 401 1695 adhibentur.
456 1636 500 1694 sic
533 1636 622 1694 etiam
654 1653 803 1715 rosarum,
835 1637 879 1695 sic
912 1635 1006 1695 olivae
1039 1634 1108 1695 lolia

96 1723 241 1783 similiter.
284 1725 327 1784 sic
350 1723 480 1784 cadmiae
503 1723 600 1802 pulvis
623 1742 763 1802 aspersus
782 1730 879 1804 curat,
904 1725 947 1783 sic
966 1726 1042 1805 ervi,
1067 1727 1110 1783 sic

95 1814 171 1872 turis
194 1812 326 1873 masculi.

185 1901 291 1980 quibus
310 1919 380 1961 vero
402 1903 490 1961 etiam
514 1918 629 1978 ungues
653 1902 867 1981 quassaverint,
890 1899 969 1960 loliis
993 1909 1110 1961 murtae

167 2062 181 2110 1
200 2055 373 2125 iponendum
391 2073 414 2110 r.
487 2052 627 2107 amoniaci
646 2054 675 2107 b:
694 2052 872 2107 ammoniaca
884 2054 940 2108 rB.
1014 2059 1030 2107 2
1050 2072 1112 2123 my·

96 2144 157 2182 aeos
179 2128 246 2195 eea,
265 2125 368 2180 miseos
388 2126 419 2192 b,
438 2123 535 2178 misios
554 2141 578 2192 r,
596 2123 701 2192 mysios
720 2125 755 2178 B.
828 2140 863 2177 ex
881 2140 971 2192 aequo
991 2126 1111 2179 contusa

94 2199 142 2253 rB
153 2199 211 2254 Gal.
226 2224 260 2242 =
275 2214 331 2251 ana
349 2198 467 2250 contusa
486 2196 510 2250 b.
601 2200 617 2247 3
636 2211 734 2249 rasura
752 2193 915 2248 cucurbitae
933 2194 1004 2249 trita
1021 2195 1111 2250 faciet

94 2268 175 2339 (facit
194 2269 263 2337 eei.)
281 2269 391 2324 Reae:
415 2282 511 2320 rasore
530 2266 586 2334 (aad
608 2271 672 2320 onte
694 2268 851 2335 corn—ra)
874 2265 1019 2338 cucurbita
1042 2266 1111 2320 trito

94 2339 177 2408 (sicce
193 2341 218 2408 b)
237 2339 345 2393 faciunt
360 2338 418 2407 (fac
435 2339 459 2405 b,
478 2338 524 2392 sed
541 2334 648 2390 facient
661 2352 730 2391 corr.
744 2338 777 2404 r).
843 2340 858 2388 5
872 2336 913 2389 De
927 2336 1110 2406 paronychiis

96 2411 168 2465 Get:
186 2409 227 2462 De
250 2408 403 2479 paraniciis
421 2407 478 2476 (vel
500 2405 613 2478 ungulis
632 2408 696 2462 odd.
715 2409 740 2476 r)
758 2407 819 2472 rB,
846 2406 887 2460 De
905 2407 1062 2475 panariolis
1081 2409 1111 2461 ei

174 2478 236 2531 'bns
263 2478 353 2547 ruptis
381 2481 410 2532 et
437 2477 573 2531 scabiosis
597 2479 612 2534 b
635 2477 686 2546 (De
712 2475 837 2546 penariis
864 2479 896 2531 in
922 2479 982 2533 iad.
1002 2479 1037 2548 b).

94 2496 279 2604 Ιθᾚὲἰαῃὶοἱα
293 2552 327 2617 (r)
336 2550 373 2616 B,
391 2548 548 2602 Panarazia
558 2550 643 2618 (aio)b
657 2547 773 2616 (-ricia
787 2550 820 2616 c).
875 2552 890 2600 7
905 2547 1054 2619 frigidiore
1068 2550 1108 2605 B:

96 2618 155 2671 —ri
174 2618 280 2673 erel.
353 2618 407 2672 orit
425 2619 454 2672 b:
474 2622 555 2672 erunt
572 2620 620 2673 rB
631 2620 689 2675 Gel.
762 2624 857 2672 Soum
871 2620 967 2687 (aqua)
981 2619 1025 2674 ΨΒ
1037 2620 1109 2675 (ἰὼ

95 2705 130 2743 ex
144 2690 168 2744 b.
224 2690 305 2741 erunt
322 2707 350 2744 r:
370 2687 423 2742 erit
432 2688 468 2757 B,
487 2690 530 2741 est
549 2690 573 2756 b,
594 2691 659 2743 sunt
674 2690 732 2745 Gal.
788 2695 804 2743 9
823 2688 910 2742 etiam
928 2689 1007 2745 er:
1022 2688 1110 2744 otiam

95 2762 124 2815 et
143 2760 201 2817 aaz.
310 2759 350 2812 sio
369 2758 600 2828 antip-exiliat
617 2762 654 2816 rb
665 2761 722 2816 Gel.
741 2761 787 2828 (ao.
806 2758 931 2829 unguis):
953 2776 1004 2814 om.
1020 2760 1049 2813 B
1063 2761 1109 2830 (cf.

93 2867 211 2949 infrap.
227 2868 314 2935 95,5).
371 2864 465 2934 requi
480 2866 577 2949 ddici:
597 2845 652 2935 ἓν.
712 2865 870 2922 mortiet:
889 2827 973 2921 hbe.
989 2831 1110 2948 erlruba'

93 2953 157 2992 mooe
175 2937 275 2992 lineola
292 2937 398 3008 oblique
416 2955 433 2991 α
473 2943 544 2992 cocta
561 2938 665 2992 deletw
682 2936 694 2990 l
712 2940 757 3006 (oo.
776 2939 849 2992 cerri
866 2939 925 2992 itaer
942 2937 975 2991 ie
992 2939 1022 3007 ι).

118 3007 258 3062 curaverit
275 3025 297 3062 r.
372 3014 404 3063 12
424 3023 456 3061 co
480 3006 570 3078 egerit
586 3008 671 3064 relat:
690 3007 826 3078 colligent
884 3006 921 3077 (si
939 3007 1034 3061 sanies
1053 3007 1110 3062 ool·

92 3025 169 3134 lebeta
186 3078 271 3133 fuerit
286 3080 319 3148 b).
373 3095 482 3149 pungas
497 3078 586 3148 (—gis
600 3079 648 3132 ΥΒ
660 3079 741 3148 Gel.):
759 3094 868 3150 pungas
884 3080 907 3135 b.
978 3085 1012 3133 14
1027 3094 1109 3148 super

92 3151 319 3207 er:om‚Gel.
373 3148 777 3220 imponosb‚-nisrBGel.
831 3148 1108 3223 murtgr,mirtpb:

92 3220 178 3304 myrti
196 3221 293 3277 BGel.
366 3239 388 3277 c.
407 3239 443 3275 m.
463 3220 532 3302 trita
549 3229 634 3290 ipone
653 3222 692 3301 b..
752 3225 785 3274 15
805 3218 921 3301 sic,(ol.)
939 3220 1061 3276 rbGel.:
1080 3220 1109 3300 ei

92 3293 212 3419 irati
228 3292 273 3417 a
397 3291 532 3433 <acar
550 3289 1023 3443 imitat..
1040 3306 1108 3416 ..a

92 3435 149 3491 solo
170 3441 276 3506 tppopr.
302 3436 355 3506 legi
381 3435 491 3491 videtur
515 3434 704 3503 peccaverint)
725 3434 795 3489 Gal:
823 3447 921 3501 quasu
942 3431 1050 3487 fuerant
1071 3431 1107 3486 B.

93 3512 128 3562 19
147 3505 230 3560 mirta
248 3524 272 3576 r,
291 3505 373 3580 mixte
393 3507 422 3562 b:
441 3503 558 3576 my(i)rti
575 3505 672 3562 Beer.

51 3814 171 3842 ἢ
