2288 3878
72 171 138 236 334
404 170 748 224 scanno-nuaonom

72 331 135 384 sisti
154 330 251 384 facias.
276 347 310 384 ne
330 329 423 384 caleat
441 329 539 398 utique
563 327 698 397 quamdiu
721 327 835 383 sufferre
858 330 971 399 poterit
994 334 1095 387 sedeat

71 408 153 462 furno
173 409 331 463 subclauso.
351 412 447 463 tantus
467 408 493 461 ei
517 425 597 462 umor
615 409 670 462 erit
692 409 768 477 quod
787 411 825 463 ad
843 409 1034 466 nativitatem
1052 430 1093 467 re-

73 482 193 557 dipem.
223 489 281 542 alia
305 489 350 543 die
374 489 427 542 hac
450 487 561 542 ratione
585 505 649 542 eum
670 488 792 558 potabis.
822 489 948 558 accipies
972 509 1092 560 gramen

72 570 209 623 nodosum
230 569 264 622 de
279 586 355 638 agro,
375 568 447 621 illud
461 569 537 636 quod
551 584 635 637 super
654 571 760 622 terram
776 567 891 637 eminet,
911 573 943 623 et
959 575 1091 640 amputes

45 665 58 700 1
72 649 181 703 radices
197 650 402 717 subterraneas,
413 647 522 702 scilicet
532 665 604 716 quae
615 647 667 701 sub
681 651 757 702 terra
768 650 841 716 sunt,
852 651 881 701 et
891 647 922 701 in
932 667 1002 704 vase
1017 668 1090 705 novo

72 729 101 782 in
120 729 158 783 Vl
183 731 212 783 &S
231 745 321 796 aquae
339 745 412 797 pone
436 731 465 782 et
488 728 524 781 ad
547 728 648 782 tertias
672 745 761 796 usqne
785 729 923 797 dcccque,
949 731 1089 785 admisces

72 827 162 877 aquae
187 811 216 864 Si
230 810 256 876 I,
274 808 376 862 lotium
395 825 543 877 caprarum
561 825 634 876 quac
652 808 803 862 lentiscum
820 825 871 876 per
889 809 1021 864 triduum
1038 829 1088 880 pa-

71 880 176 956 verint,
201 892 230 942 et
252 906 302 957 per
324 888 450 941 triduum
472 888 583 941 ieiunus
606 887 695 942 bibat.
725 888 803 942 cibos
826 905 893 942 vero
918 906 1019 944 carnes
1044 910 1088 945 su-

71 971 150 1021 mant
169 985 247 1022 assas
267 971 295 1022 et
315 967 403 1022 salsos
422 968 525 1037 pisces,
549 968 615 1021 vino
635 967 741 1036 optimo
760 967 931 1036 nutriantur,
948 972 952 1038 l
971 973 1086 1038 (p.128)

32 1064 58 1101 ιο
72 1048 102 1100 id
122 1051 165 1102 est
183 1048 280 1101 vinum
298 1047 407 1101 bibant.
432 1048 466 1100 de
486 1064 560 1114 aqua
579 1049 608 1101 ct
626 1047 770 1101 holeribus
790 1047 953 1101 abstinendi
973 1053 1040 1103 sunt
1059 1053 1087 1104 et

73 1128 106 1181 de
126 1128 256 1181 carnibus
274 1127 436 1197 pinguibus.

223 1253 270 1306 Ad
283 1253 326 1319 ΙΙ,
341 1257 376 1306 33
395 1252 440 1306 De
459 1268 576 1306 renum
593 1251 693 1306 vitiis
712 1250 767 1304 vel
785 1250 926 1306 vesicae

71 1359 89 1412 i.
109 1375 130 1411 e.
150 1360 188 1412 acl
207 1360 254 1425 Π,
276 1363 324 1412 33b
348 1359 490 1429 Anonymi
517 1359 669 1426 capitatam
696 1359 728 1412 dc
760 1359 863 1412 vesicae
888 1360 967 1413 vitiis
986 1361 1085 1413 =11²

71 1437 207 1492 c21De
231 1438 365 1492 calculo
386 1443 457 1508 (post
479 1437 626 1506 fascietur,
654 1440 703 1493 abi
722 1439 844 1506 primam
865 1440 989 1507 sequitur
1008 1442 1084 1509 potio

32 1530 57 1568 rs
72 1535 126 1586 qao
144 1525 228 1585 caput
237 1526 350 1589 paimei,
370 1537 403 1574 ea
413 1526 493 1587 parte
508 1520 656 1586 posteriore
669 1519 787 1587 capitali
800 1518 958 1586 Barbaria,
977 1521 1085 1590 deinde)

142 1625 234 1678 Item.
263 1624 345 1679 istius
365 1624 488 1694 potionis
508 1623 639 1678 effectum
662 1623 773 1693 saepius
792 1625 925 1695 probavi,
949 1643 1023 1694 quac
1043 1628 1082 1681 sic

71 1704 224 1759 conficitur.
245 1705 421 1772 ammoniaci,
442 1704 601 1774 saxifragac
621 1722 676 1758 ana
689 1705 789 1774 -:-V1,
808 1704 913 1759 radicis
932 1707 1082 1775 verbenae,

71 1785 248 1841 chelidoniae
263 1803 318 1839 ana
331 1799 367 1845 ÷
376 1785 423 1853 VI,
442 1785 547 1856 piperis
561 1784 671 1839 libram.
693 1785 787 1838 omnia
801 1787 886 1838 tunsa
901 1788 931 1840 et
948 1786 1080 1841 cribrata.

71 1868 106 1922 de
130 1867 245 1937 pulvere
274 1866 355 1921 dabis
384 1866 509 1920 cocleare
537 1882 594 1918 non
621 1865 692 1919 bene
714 1865 829 1935 plenum
852 1864 1030 1920 febricitanti
1052 1866 1082 1919 in

32 1960 57 2003 20
72 1965 147 2017 aqua
166 1947 267 2015 calida,
287 1964 355 2000 sano
374 1946 533 2000 incondito
548 1945 642 1998 autin
656 1945 729 2000 vino.
744 1944 810 1998 huic
829 1944 985 1999 valitudini
998 1946 1081 2001 valde

70 2030 203 2098 prodesse
223 2027 289 2083 scio.

141 2108 245 2163 Rafani
269 2107 386 2161 cortices
410 2105 441 2158 in
462 2104 528 2158 vino
554 2103 663 2159 decocti
691 2106 719 2157 et
747 2102 841 2158 ieiuno
870 2103 961 2173 cyatis
989 2105 1079 2158 tribus

70 2190 150 2259 potui
184 2188 244 2242 dati
273 2185 427 2242 calculos
460 2184 665 2253 comminuunt,
699 2187 728 2237 ct
759 2183 861 2238 mulier
888 2184 913 2238 si
938 2184 1079 2239 habuerit.

71 2269 214 2338 saxifraga
243 2286 306 2322 cum
333 2265 424 2319 mulsa
447 2264 528 2334 potui
552 2264 621 2319 data
644 2264 741 2334 tepida
761 2265 836 2334 [cum
860 2263 927 2318 vino
950 2265 997 2319 vel
1016 2283 1079 2319 cum
1125 2297 1131 2307 ·

31 2363 56 2402 11
70 2349 182 2419 mulsa]‚
201 2348 284 2403 valde
303 2346 405 2399 mirum
423 2347 472 2398 est.
502 2342 547 2398 vel
567 2342 639 2396 siin
657 2344 723 2398 vino
743 2345 859 2397 decocta
882 2343 981 2412 fuerit,
1005 2344 1081 2399 idem

70 2427 147 2482 facit.
167 2428 231 2482 rubi
250 2427 374 2480 radicem
391 2424 471 2477 lavas
491 2426 520 2477 et
539 2423 635 2491 siccas,
656 2426 685 2477 et
703 2423 778 2477 facto
797 2423 912 2492 pulvere
932 2441 997 2477 cum
1014 2423 1080 2478 vino

71 2509 121 2560 aut
140 2507 254 2560 condito
274 2509 324 2560 aut
342 2521 416 2571 aqua
431 2503 525 2557 calida
538 2502 627 2557 bibat.
656 2504 710 2557 hoc
723 2504 874 2572 probatum
888 2505 939 2556 est.
965 2502 1080 2558 nucleos

69 2585 167 2655 pineos
186 2586 268 2653 XLV,
287 2582 391 2653 piperis
407 2582 537 2655 (mana)
556 2583 631 2636 XLV
650 2583 732 2636 simul
751 2586 838 2651 teres,
862 2585 973 2637 etcum
992 2585 1081 2637 iacta-

70 2665 121 2734 bit,
143 2665 207 2719 vino
227 2667 277 2718 aut
295 2661 409 2717 condito
430 2665 479 2716 aut
498 2662 592 2718 calida
611 2663 706 2730 bibat,
730 2680 826 2717 omnes
844 2665 939 2732 petras
958 2663 1081 2718 iactabit

29 2761 56 2799 ao
70 2747 100 2799 et
118 2762 202 2798 sanus
222 2743 283 2798 erit.
311 2742 414 2797 minori
433 2742 523 2796 aetati
541 2742 656 2798 nucleos
674 2743 733 2812 XV,
752 2743 857 2812 piperis
878 2743 1010 2816 (grana)
1029 2742 1082 2796 XV

71 2825 160 2880 dabis.
190 2841 285 2879 semen
304 2822 362 2892 apii
376 2822 475 2877 tritum
488 2826 619 2894 potatum
633 2824 755 2878 calculos
775 2823 889 2891 frangit.
916 2822 1081 2890 ligusticum

70 2909 181 2961 coctum
209 2924 272 2960 cum
299 2922 373 2974 aqua
402 2905 500 2958 datum
524 2904 630 2958 bonum
655 2907 705 2959 est.
737 2905 914 2957 decrescente
937 2901 1005 2955 luna
1034 2901 1081 2954 die

142 3115 156 3162 1
176 3111 274 3180 utique
294 3089 360 3182 (ic)
376 3113 398 3167 1,
507 3116 523 3164 s
546 3110 819 3181 1111111111.
839 3105 1080 3188 pos÷p0tionet

69 3187 86 3234 4
105 3184 220 3235 emanat
239 3185 262 3237 b.
337 3188 352 3236 7
372 3181 488 3251 caprim'i
507 3184 523 3237 b
542 3187 586 3253 (sc.
606 3184 771 3250 caprarum).
852 3186 868 3234 8
887 3179 982 3232 ie1un0
1002 3180 1025 3232 b.

70 3259 85 3306 9
105 3255 219 3306 sumunt
239 3255 261 3307 b.
312 3259 345 3307 10
364 3251 471 3307 bibant.
495 3257 545 3319 (sic
564 3257 592 3319 b,
611 3270 660 3307 om.
681 3253 758 3322 quale
776 3255 823 3319 1.).
876 3256 908 3303 17
929 3251 1036 3303 amonii
1056 3251 1079 3304 b.

69 3329 104 3376 20
122 3323 188 3376 huic
206 3322 335 3378 valitudo
355 3325 378 3378 b.
487 3331 520 3377 22
535 3327 598 3379 binc
616 3342 675 3378 cere
693 3324 793 3391 incipit
811 3339 870 3392 cap.
890 3322 1016 3375 additura
1034 3319 1080 3373 De

70 3394 212 3450 cauculo
232 3401 311 3463 atque
329 3397 381 3449 bac
394 3397 514 3462 pertinet
531 3397 642 3452 rubrica
661 3396 692 3448 ia
706 3395 721 3448 b
737 3395 815 3464 loopo
830 3400 893 3448 ante
907 3393 1007 3461 posito.

65 3474 102 3523 23
122 3465 254 3523 cauculos
269 3467 292 3520 b.
390 3470 425 3517 24
442 3468 507 3521 baec
524 3468 604 3522 concis
622 3467 713 3521 deieci.
811 3470 845 3517 28
864 3479 953 3533 grana
971 3462 1079 3517 addidi.

55 3546 95 3598 30
106 3539 206 3598 nuclei
224 3537 280 3596 XV
290 3535 399 3611 piperis
417 3536 469 3592 XV
488 3539 512 3594 b.
584 3543 617 3590 31
637 3536 733 3591 caulos
752 3538 775 3592 t,
835 3533 1000 3589 levasticum
1019 3533 1043 3587 b.

406 3783 487 3816 ‘x
598 3786 624 3816 Δ
