2288 3878
86 150 129 214 28
393 150 584 205 THEODORI
600 148 784 205 ramerum

87 324 118 376 et
140 317 234 376 uteris
258 315 403 376 similiter.
448 316 504 375 lnoo
528 316 644 377 facilins
667 315 770 394 adipes
790 316 908 394 caprini
925 316 974 377 vel
994 316 1082 379 bubuli

88 404 176 464 colati
199 404 339 465 efficiunt.
386 406 541 483 origanum
563 423 633 465 vero
658 422 757 465 murra
781 412 812 465 et
834 403 879 465 sal
901 405 991 467 simul
1010 413 1083 469 tunsa

89 496 246 554 commixta
274 512 342 553 cum
369 511 444 572 aqua
474 494 615 554 continuo
647 495 678 553 in
711 494 912 554 maturitatem
944 494 1083 557 adducent

87 600 156 642 nam
179 590 210 643 et
232 584 346 643 caricae
371 589 511 642 contusae
535 599 602 641 eum
625 583 725 642 resina
748 580 895 642 similiter.

62 690 75 729 n
178 690 245 731 cum
268 688 338 729 vero
362 669 409 729 his
434 670 589 730 adiutoriis
617 669 758 731 adhibitis
786 668 979 732 collectiones
1005 679 1084 732 matn·
1134 734 1136 745 ,

88 768 169 820 ratae
198 766 249 819 aut
276 764 392 818 coactae
421 760 576 838 eruperint
603 766 653 818 aut
679 777 696 817 a
723 757 848 818 medicis
876 758 989 821 luerint
1017 768 1084 840 patc-
1134 750 1136 805 ῗ

89 848 196 928 laetae,
219 845 392 907 vulneribus
420 846 587 906 medeberis
610 849 637 906 is
660 847 886 907 medicamentis
909 866 987 927 quae
1007 848 1084 909 medi·
1134 848 1136 867 '

90 954 193 997 eorum
216 934 389 995 solemniter
412 935 530 995 edocuit
553 935 744 996 consuetudo.
786 937 834 995 sin
855 953 927 997 vero
950 937 1085 1016 magnaei

89 1026 233 1084 reumatis
256 1025 484 1101 superveniente
508 1022 622 1083 solvere
643 1040 704 1083 non
722 1025 877 1102 potuerint
893 1030 926 1085 et
944 1024 1084 1087 lerbuncu·

51 1133 77 1172 ιο
90 1112 135 1173 los
158 1112 204 1172 vel
227 1111 377 1190 parotidas
401 1110 562 1172 callositate
583 1119 776 1191 permanente
794 1112 959 1174 choeradas
977 1114 1086 1175 iecerint
1134 1140 1136 1145 ·

91 1201 241 1281 duriores,
268 1208 339 1261 tune
363 1199 399 1260 ad
423 1199 583 1260 choeradas
606 1219 656 1261 eas
679 1199 736 1260 alia
759 1200 956 1279 dispositione
978 1221 1031 1282 pro
1050 1201 1086 1262 sui

91 1289 263 1350 difficultate
287 1307 388 1349 euram
412 1296 442 1348 et
464 1306 585 1367 operam
607 1291 785 1367 propensius
808 1288 1010 1352 adhibeamus.

38 1452 79 1516 27
419 1446 466 1507 Xl.
503 1446 549 1507 lle
573 1447 772 1508 clnoeradis.

179 1552 393 1612 Praeeuntibus
429 1552 581 1613 catholicis
622 1554 777 1615 adiutoriis
818 1573 894 1633 quae
931 1562 962 1616 et
998 1555 1087 1634 eapitis

52 1661 78 1703 1s
92 1659 194 1702 reuma
217 1642 420 1719 constringere
440 1649 469 1700 et
488 1660 596 1720 corpus
614 1642 763 1721 reliquum
781 1643 953 1705 cathartieis
975 1660 1087 1723 purgare

163 1819 177 1866 1
198 1814 227 1867 et
244 1813 318 1867 teres
342 1811 472 1866 similiter
493 1811 565 1879 Get,
590 1813 619 1866 et
644 1811 739 1868 uteris
778 1812 915 1868 Similiter
932 1814 960 1869 B
979 1813 1054 1884 (teris
1069 1813 1093 1866 et

91 1883 177 1951 uteris
197 1885 249 1954 br).
331 1883 384 1938 hoc
402 1881 514 1937 facilius
533 1882 631 1952 adipes
650 1884 768 1939 Met:
786 1882 947 1955 (Similiter)
963 1885 1019 1941 hoe
1034 1882 1093 1939 faei-

90 1954 145 2009 lius
164 1955 292 2026 erumpit.
312 1958 341 2009 et
359 1954 413 2036 soli
431 1952 523 2023 adipis
542 1954 578 2008 B.
720 1953 767 2008 vel
785 1955 895 2012 Met:
919 1957 971 2010 aut
989 1958 1032 2013 br.

91 2023 672 2165 {tlhffiihthbssetltdnhinddmhnixtisatileff
678 2024 900 2167 :cddddebhsthlihh
911 2027 1098 2152 {dlffimhsd

92 2175 107 2224 3
127 2169 269 2223 adducent
287 2168 400 2236 (-eunt
417 2166 510 2237 atiel.)
529 2167 565 2222 rt
582 2167 653 2222 Get:
671 2166 829 2235 perducunt
845 2168 882 2223 B.
955 2169 1100 2224 ananei

92 2240 163 2297 Gela
183 2242 212 2294 et
230 2239 266 2306 B,
285 2253 335 2292 om.
356 2238 399 2291 br.
499 2237 629 2292 similiter
648 2237 760 2293 Reae:
778 2254 829 2293 om.
849 2240 892 2294 br.
1004 2244 1100 2294 overe

91 2313 127 2366 bn
138 2311 209 2367 Get:
229 2326 279 2364 ona.
298 2308 333 2362 B.
443 2312 509 2363 tm.
525 2309 575 2363 ant
593 2309 708 2362 coactae
726 2308 868 2378 eruperint
883 2310 957 2365 Gela
981 2312 1102 2365 matura·

90 2382 138 2434 tae
156 2377 298 2450 eruperint
318 2380 360 2446 (in
376 2381 442 2448 ras.)
460 2379 501 2447 B,
524 2378 689 2434 maturitate
711 2377 756 2433 vel
776 2381 872 2450 aperte
891 2381 980 2452 (apto)
1003 2381 1061 2436 sint
1076 2381 1102 2435 b.

90 2453 200 2520 mature
219 2448 265 2504 vel
286 2450 351 2518 apte
371 2451 429 2519 (eie)
447 2467 470 2504 r.
601 2449 847 2520 aut—patefactae
866 2450 939 2507 cet:
956 2467 1010 2507 om.
1029 2453 1104 2508 Bbr.

93 2526 108 2575 7
127 2520 164 2576 is:
184 2519 228 2574 his
247 2522 316 2576 Bbr
331 2520 389 2576 Get.
465 2520 621 2575 medeberis
640 2522 675 2590 B,
695 2520 796 2575 -bere
816 2521 875 2577 Get.
893 2522 987 2590 (mede
1006 2524 1031 2593 b,
1050 2540 1105 2579 me·

91 2592 209 2661 deren).
278 2591 479 2647 lmedicorum
497 2608 547 2647 om.
566 2592 601 2646 B.
675 2590 934 2663 8sollemniter⁸B‚
953 2593 1107 2650 solenniter

94 2664 164 2721 Get:
184 2679 234 2719 om.
254 2665 290 2719 br
309 2664 367 2732 (peni
384 2681 420 2718 m.
440 2679 514 2717 cons.
534 2661 664 2732 edocuit).
764 2669 829 2734 poet
847 2662 961 2718 edocuit
979 2666 1041 2720 elia
1054 2683 1104 2735 seq.

90 2736 287 2790 medicamenta
300 2736 332 2789 in
345 2735 400 2789 ber
414 2731 587 2803 (Medicinali
606 2732 758 2803 digito...)
821 2731 866 2787 sin
884 2734 912 2788 B
924 2735 998 2792 Get:
1017 2735 1044 2789 si
1063 2739 1106 2792 br.

91 2822 196 2877 magna
218 2804 247 2860 vi
269 2803 404 2859 reumatis
424 2804 497 2873 oen„
514 2819 618 2874 magno
637 2806 720 2874 (-ne
737 2808 762 2874 r)
781 2805 907 2859 reumate
926 2807 974 2862 tre
1002 2822 1106 2878 magno

91 2878 223 2948 flegmate
245 2876 281 2931 B.
373 2879 388 2927 9
416 2874 488 2929 solvi
514 2890 571 2929 non
597 2874 721 2944 potuerit
748 2874 921 2944 (fnimnenlus
949 2876 997 2931 vel
1023 2894 1107 2949 paro-

90 2948 167 3017 tida)
190 2949 230 3017 B,
259 2946 366 3002 solvere
391 2963 447 3000 non
473 2944 618 3016 potuerint
635 2947 672 3001 br
693 2946 833 3015 (potueris
860 2962 929 3002 corr.
955 2947 1035 3018 Get),

92 3022 121 3074 et
140 3021 212 3089 (bie)
232 3020 280 3074 ba:
308 3019 337 3071 et
359 3019 433 3087 (pest
455 3018 556 3087 perot.)
581 3017 653 3085 Get,
679 3017 729 3071 sed
752 3019 830 3085 (item
852 3023 917 3088 poet
943 3021 1048 3090 paret.)
1071 3021 1106 3076 Β,

91 3088 270 3145 ferbuneulos
288 3088 387 3145 acels
405 3087 567 3142 furunculos
586 3088 664 3156 (-us
678 3087 717 3157 B)
734 3088 791 3142 rB.
884 3093 917 3141 10
945 3087 1108 3146 callositate

90 3180 118 3232 p.
143 3160 297 3216 choeradas
320 3159 348 3212 B
362 3160 432 3215 cet:
460 3175 511 3214 om.
540 3161 583 3214 br.
727 3156 846 3212 fecerint
873 3160 901 3228 b,
930 3158 1109 3216 efficerintr

92 3231 201 3302 (feeerit
227 3232 344 3299 Boset).
445 3235 476 3283 11
506 3228 632 3283 duriores
658 3231 727 3283 tune
754 3228 886 3298 quirades
914 3245 963 3283 eas
987 3232 1024 3286 br
1042 3232 1108 3301 (du-

90 3304 187 3371 riores,
205 3304 273 3357 tune
291 3299 437 3356 ehoeradis
456 3298 500 3352 his
522 3298 603 3370 Geli:
624 3300 662 3354 ad
681 3299 805 3354 duriores
824 3299 979 3354 ehoeradas
997 3300 1035 3356 B.

93 3381 126 3500 i}
144 3371 310 3501 tf⁰t⁹²¹⁸i¹¹⁸
329 3372 452 3496 ⁶i⁰ti
466 3370 597 3495 neh
616 3442 632 3495 a
651 3370 1033 3510 atdhdtiutili'd
1049 3373 1107 3499 tt·

82 3486 85 3491 -
174 3464 194 3501 a
228 3460 339 3501 .om.r
758 3485 764 3497 .
825 3484 831 3496 .
904 3484 909 3495 .
1048 3462 1061 3498 s
1102 3484 1109 3498 .

92 3520 175 3574 ettam
192 3518 250 3587 rle)
269 3514 311 3568 De
325 3482 459 3582 quir'adis
533 3512 856 3582 14—p.29‚1(chel.)
870 3516 934 3582 poet
951 3509 1110 3569 chooradas
