<?xml version="1.0" encoding="UTF-8"?>
<!DOCTYPE html PUBLIC "-//W3C//DTD XHTML 1.0 Transitional//EN"
    "http://www.w3.org/TR/xhtml1/DTD/xhtml1-transitional.dtd">
<html xmlns="http://www.w3.org/1999/xhtml" xml:lang="en" lang="en">
 <head>
  <title>
</title>
<meta http-equiv="Content-Type" content="text/html;charset=utf-8" />
  <meta name='ocr-system' content='tesseract 3.04.00' />
  <meta name='ocr-capabilities' content='ocr_page ocr_carea ocr_par ocr_line ocrx_word'/>
</head>
<body>
  <div class='ocr_page' id='page_1' title='image "./theodoripriscia00rosegoog_0311.png"; bbox 0 0 2288 3878; ppageno 0'>
   <div class='ocr_carea' id='block_1_1' title="bbox 60 173 738 239">
    <p class='ocr_par' dir='ltr' id='par_1_1' title="bbox 60 173 738 239">
     <span class='ocr_line' id='line_1_1' title="bbox 60 173 738 239; baseline -0.013 0"><span class='ocrx_word' id='word_1_1' title='bbox 60 173 125 239; x_wconf 77' lang='grc'><strong>378</strong></span> <span class='ocrx_word' id='word_1_2' title='bbox 392 178 738 232; x_wconf 80' lang='lat' dir='ltr'><strong>rsauno-unnonom</strong></span> 
     </span>
    </p>
   </div>
   <div class='ocr_carea' id='block_1_2' title="bbox 19 334 1076 1124">
    <p class='ocr_par' dir='ltr' id='par_1_2' title="bbox 19 334 1076 1124">
     <span class='ocr_line' id='line_1_2' title="bbox 200 334 937 407; baseline 0.003 -17"><span class='ocrx_word' id='word_1_3' title='bbox 200 334 248 390; x_wconf 79' lang='lat' dir='ltr'><strong>Ad</strong></span> <span class='ocrx_word' id='word_1_4' title='bbox 265 337 337 391; x_wconf 78' lang='lat' dir='ltr'><strong>idem</strong></span> <span class='ocrx_word' id='word_1_5' title='bbox 353 351 413 406; x_wconf 83' lang='lat' dir='ltr'><strong>cap.</strong></span> <span class='ocrx_word' id='word_1_6' title='bbox 430 335 456 403; x_wconf 91' lang='grc' dir='ltr'><strong>Ι,</strong></span> <span class='ocrx_word' id='word_1_7' title='bbox 470 340 507 391; x_wconf 88' lang='grc'><strong>16</strong></span> <span class='ocrx_word' id='word_1_8' title='bbox 520 338 567 404; x_wconf 74' lang='grc'><strong>(49</strong></span> <span class='ocrx_word' id='word_1_9' title='bbox 581 343 646 406; x_wconf 84' lang='lat' dir='ltr'><strong>post</strong></span> <span class='ocrx_word' id='word_1_10' title='bbox 663 334 786 392; x_wconf 83' lang='lat' dir='ltr'><strong>colluere</strong></span> <span class='ocrx_word' id='word_1_11' title='bbox 805 339 937 407; x_wconf 83' lang='lat' dir='ltr'><strong>oportet).</strong></span> 
     </span>
     <span class='ocr_line' id='line_1_3' title="bbox 131 413 1076 487; baseline 0.006 -19"><span class='ocrx_word' id='word_1_12' title='bbox 131 413 168 469; x_wconf 84' lang='lat' dir='ltr'><strong>l&#39;lt</strong></span> <span class='ocrx_word' id='word_1_13' title='bbox 187 415 313 485; x_wconf 84' lang='lat' dir='ltr'><strong>caprifici</strong></span> <span class='ocrx_word' id='word_1_14' title='bbox 330 414 413 469; x_wconf 83' lang='lat' dir='ltr'><strong>radix</strong></span> <span class='ocrx_word' id='word_1_15' title='bbox 430 414 497 469; x_wconf 86' lang='lat' dir='ltr'><strong>rino</strong></span> <span class='ocrx_word' id='word_1_16' title='bbox 517 416 655 485; x_wconf 83' lang='lat' dir='ltr'><strong>decocta‚.</strong></span> <span class='ocrx_word' id='word_1_17' title='bbox 668 419 698 472; x_wconf 88' lang='lat' dir='ltr'><strong>et</strong></span> <span class='ocrx_word' id='word_1_18' title='bbox 715 415 809 487; x_wconf 88' lang='lat' dir='ltr'><strong>ipsum</strong></span> <span class='ocrx_word' id='word_1_19' title='bbox 827 416 926 471; x_wconf 86' lang='lat' dir='ltr'><strong>viuum</strong></span> <span class='ocrx_word' id='word_1_20' title='bbox 945 433 993 473; x_wconf 89' lang='lat' dir='ltr'><strong>ore</strong></span> <span class='ocrx_word' id='word_1_21' title='bbox 1011 436 1076 473; x_wconf 89' lang='lat' dir='ltr'><strong>con-</strong></span> 
     </span>
     <span class='ocr_line' id='line_1_4' title="bbox 59 493 1076 568; baseline 0.005 -20"><span class='ocrx_word' id='word_1_22' title='bbox 59 493 192 550; x_wconf 85' lang='lat' dir='ltr'><strong>tineatur.</strong></span> <span class='ocrx_word' id='word_1_23' title='bbox 221 495 298 550; x_wconf 88' lang='lat' dir='ltr'><strong>idem</strong></span> <span class='ocrx_word' id='word_1_24' title='bbox 324 497 472 564; x_wconf 75' lang='lat' dir='ltr'><strong>praestant</strong></span> <span class='ocrx_word' id='word_1_25' title='bbox 500 497 529 549; x_wconf 90' lang='lat' dir='ltr'><strong>et</strong></span> <span class='ocrx_word' id='word_1_26' title='bbox 552 495 662 549; x_wconf 77' lang='lat' dir='ltr'><strong>radices</strong></span> <span class='ocrx_word' id='word_1_27' title='bbox 686 495 746 550; x_wconf 88' lang='lat' dir='ltr'><strong>eius</strong></span> <span class='ocrx_word' id='word_1_28' title='bbox 772 499 922 567; x_wconf 87' lang='lat' dir='ltr'><strong>contusae,</strong></span> <span class='ocrx_word' id='word_1_29' title='bbox 946 496 972 552; x_wconf 89' lang='lat' dir='ltr'><strong>si</strong></span> <span class='ocrx_word' id='word_1_30' title='bbox 994 516 1076 568; x_wconf 87' lang='lat' dir='ltr'><strong>super</strong></span> 
     </span>
     <span class='ocr_line' id='line_1_5' title="bbox 59 573 346 645; baseline 0.003 -17"><span class='ocrx_word' id='word_1_31' title='bbox 59 573 191 628; x_wconf 75' lang='lat' dir='ltr'><strong>maxillas</strong></span> <span class='ocrx_word' id='word_1_32' title='bbox 209 575 346 645; x_wconf 85' lang='lat' dir='ltr'><strong>imponas.</strong></span> 
     </span>
     <span class='ocr_line' id='line_1_6' title="bbox 33 653 1020 725; baseline 0.005 -17"><span class='ocrx_word' id='word_1_33' title='bbox 33 667 46 708; x_wconf 85' lang='lat' dir='ltr'><strong>s</strong></span> <span class='ocrx_word' id='word_1_34' title='bbox 131 658 265 725; x_wconf 78' lang='lat' dir='ltr'><strong>gagatem</strong></span> <span class='ocrx_word' id='word_1_35' title='bbox 283 653 410 724; x_wconf 88' lang='lat' dir='ltr'><strong>lapidem</strong></span> <span class='ocrx_word' id='word_1_36' title='bbox 427 653 523 708; x_wconf 85' lang='lat' dir='ltr'><strong>ustula</strong></span> <span class='ocrx_word' id='word_1_37' title='bbox 541 657 571 709; x_wconf 90' lang='lat' dir='ltr'><strong>et</strong></span> <span class='ocrx_word' id='word_1_38' title='bbox 588 669 661 723; x_wconf 91' lang='lat' dir='ltr'><strong>pone</strong></span> <span class='ocrx_word' id='word_1_39' title='bbox 679 654 711 710; x_wconf 92' lang='lat' dir='ltr'><strong>in</strong></span> <span class='ocrx_word' id='word_1_40' title='bbox 729 655 843 710; x_wconf 92' lang='lat' dir='ltr'><strong>dentem</strong></span> <span class='ocrx_word' id='word_1_41' title='bbox 861 655 912 724; x_wconf 83' lang='lat' dir='ltr'><strong>qui</strong></span> <span class='ocrx_word' id='word_1_42' title='bbox 931 656 1020 714; x_wconf 86' lang='lat' dir='ltr'><strong>dolet.</strong></span> 
     </span>
     <span class='ocr_line' id='line_1_7' title="bbox 130 733 1076 806; baseline 0.003 -17"><span class='ocrx_word' id='word_1_43' title='bbox 130 735 178 790; x_wconf 90' lang='lat' dir='ltr'><strong>Ne</strong></span> <span class='ocrx_word' id='word_1_44' title='bbox 197 752 232 790; x_wconf 87' lang='lat' dir='ltr'><strong>os</strong></span> <span class='ocrx_word' id='word_1_45' title='bbox 251 734 343 789; x_wconf 91' lang='lat' dir='ltr'><strong>male</strong></span> <span class='ocrx_word' id='word_1_46' title='bbox 363 734 470 802; x_wconf 87' lang='lat' dir='ltr'><strong>oleat,</strong></span> <span class='ocrx_word' id='word_1_47' title='bbox 489 734 533 789; x_wconf 91' lang='lat' dir='ltr'><strong>sal</strong></span> <span class='ocrx_word' id='word_1_48' title='bbox 551 733 662 789; x_wconf 90' lang='lat' dir='ltr'><strong>ieiunus</strong></span> <span class='ocrx_word' id='word_1_49' title='bbox 681 734 853 806; x_wconf 89' lang='lat' dir='ltr'><strong>sublingua</strong></span> <span class='ocrx_word' id='word_1_50' title='bbox 870 738 977 792; x_wconf 87' lang='lat' dir='ltr'><strong>teneto.</strong></span> <span class='ocrx_word' id='word_1_51' title='bbox 1011 737 1076 793; x_wconf 89' lang='lat' dir='ltr'><strong>liu·</strong></span> 
     </span>
     <span class='ocr_line' id='line_1_8' title="bbox 58 813 1076 886; baseline 0.003 -17"><span class='ocrx_word' id='word_1_52' title='bbox 58 832 125 884; x_wconf 91' lang='lat' dir='ltr'><strong>gua</strong></span> <span class='ocrx_word' id='word_1_53' title='bbox 149 815 178 868; x_wconf 91' lang='lat' dir='ltr'><strong>si</strong></span> <span class='ocrx_word' id='word_1_54' title='bbox 201 817 310 869; x_wconf 88' lang='lat' dir='ltr'><strong>tumet</strong></span> <span class='ocrx_word' id='word_1_55' title='bbox 332 813 388 869; x_wconf 81' lang='lat' dir='ltr'><strong>vel</strong></span> <span class='ocrx_word' id='word_1_56' title='bbox 416 813 525 883; x_wconf 89' lang='lat' dir='ltr'><strong>dolet,</strong></span> <span class='ocrx_word' id='word_1_57' title='bbox 553 814 694 884; x_wconf 82' lang='lat' dir='ltr'><strong>pumicem</strong></span> <span class='ocrx_word' id='word_1_58' title='bbox 721 813 899 869; x_wconf 86' lang='lat' dir='ltr'><strong>combustum</strong></span> <span class='ocrx_word' id='word_1_59' title='bbox 921 816 1023 886; x_wconf 85' lang='lat' dir='ltr'><strong>terito,</strong></span> <span class='ocrx_word' id='word_1_60' title='bbox 1049 821 1076 872; x_wconf 89' lang='lat' dir='ltr'><strong>et</strong></span> 
     </span>
     <span class='ocr_line' id='line_1_9' title="bbox 59 892 1075 966; baseline 0.003 -18"><span class='ocrx_word' id='word_1_61' title='bbox 59 912 153 949; x_wconf 89' lang='lat' dir='ltr'><strong>murra</strong></span> <span class='ocrx_word' id='word_1_62' title='bbox 172 897 201 949; x_wconf 89' lang='lat' dir='ltr'><strong>et</strong></span> <span class='ocrx_word' id='word_1_63' title='bbox 217 894 312 965; x_wconf 88' lang='lat' dir='ltr'><strong>puleio</strong></span> <span class='ocrx_word' id='word_1_64' title='bbox 331 896 469 963; x_wconf 89' lang='lat' dir='ltr'><strong>quantum</strong></span> <span class='ocrx_word' id='word_1_65' title='bbox 486 893 542 949; x_wconf 86' lang='lat' dir='ltr'><strong>tibi</strong></span> <span class='ocrx_word' id='word_1_66' title='bbox 560 893 674 948; x_wconf 84' lang='lat' dir='ltr'><strong>videtur</strong></span> <span class='ocrx_word' id='word_1_67' title='bbox 692 892 776 947; x_wconf 91' lang='lat' dir='ltr'><strong>simul</strong></span> <span class='ocrx_word' id='word_1_68' title='bbox 789 892 859 949; x_wconf 86' lang='lat' dir='ltr'><strong>trito</strong></span> <span class='ocrx_word' id='word_1_69' title='bbox 878 893 1010 966; x_wconf 79' lang='lat' dir='ltr'><strong>linguam</strong></span> <span class='ocrx_word' id='word_1_70' title='bbox 1028 896 1075 950; x_wconf 86' lang='lat' dir='ltr'><strong>fri-</strong></span> 
     </span>
     <span class='ocr_line' id='line_1_10' title="bbox 59 973 1075 1043; baseline 0.003 -16"><span class='ocrx_word' id='word_1_71' title='bbox 59 974 146 1031; x_wconf 88' lang='lat' dir='ltr'><strong>cabis.</strong></span> <span class='ocrx_word' id='word_1_72' title='bbox 184 974 212 1028; x_wconf 91' lang='lat' dir='ltr'><strong>si</strong></span> <span class='ocrx_word' id='word_1_73' title='bbox 236 991 271 1029; x_wconf 92' lang='lat' dir='ltr'><strong>os</strong></span> <span class='ocrx_word' id='word_1_74' title='bbox 294 974 388 1029; x_wconf 89' lang='lat' dir='ltr'><strong>intus</strong></span> <span class='ocrx_word' id='word_1_75' title='bbox 417 974 631 1028; x_wconf 91' lang='lat' dir='ltr'><strong>combustum</strong></span> <span class='ocrx_word' id='word_1_76' title='bbox 653 973 775 1043; x_wconf 86' lang='lat' dir='ltr'><strong>fuerit,</strong></span> <span class='ocrx_word' id='word_1_77' title='bbox 803 973 848 1028; x_wconf 89' lang='lat' dir='ltr'><strong>lac</strong></span> <span class='ocrx_word' id='word_1_78' title='bbox 872 975 1010 1031; x_wconf 86' lang='lat' dir='ltr'><strong>caninum</strong></span> <span class='ocrx_word' id='word_1_79' title='bbox 1031 976 1075 1031; x_wconf 83' lang='lat' dir='ltr'><strong>vel</strong></span> 
     </span>
     <span class='ocr_line' id='line_1_11' title="bbox 19 1053 623 1124; baseline 0.003 -17"><span class='ocrx_word' id='word_1_80' title='bbox 19 1068 45 1107; x_wconf 91' lang='lat'><strong>10</strong></span> <span class='ocrx_word' id='word_1_81' title='bbox 59 1054 206 1124; x_wconf 81' lang='lat' dir='ltr'><strong>caprinum</strong></span> <span class='ocrx_word' id='word_1_82' title='bbox 223 1054 336 1109; x_wconf 86' lang='lat' dir='ltr'><strong>assidue</strong></span> <span class='ocrx_word' id='word_1_83' title='bbox 355 1054 386 1108; x_wconf 92' lang='lat' dir='ltr'><strong>iu</strong></span> <span class='ocrx_word' id='word_1_84' title='bbox 404 1071 451 1109; x_wconf 91' lang='lat' dir='ltr'><strong>ore</strong></span> <span class='ocrx_word' id='word_1_85' title='bbox 470 1053 623 1109; x_wconf 88' lang='lat' dir='ltr'><strong>contineat.</strong></span> 
     </span>
    </p>
   </div>
   <div class='ocr_carea' id='block_1_3' title="bbox 19 1159 1074 2184">
    <p class='ocr_par' dir='ltr' id='par_1_3' title="bbox 19 1159 1074 2184">
     <span class='ocr_line' id='line_1_12' title="bbox 59 1159 1072 1232; baseline 0.003 -17"><span class='ocrx_word' id='word_1_86' title='bbox 59 1159 106 1217; x_wconf 74' lang='lat' dir='ltr'><strong>Aa</strong></span> <span class='ocrx_word' id='word_1_87' title='bbox 129 1163 201 1217; x_wconf 80' lang='lat' dir='ltr'><strong>idem</strong></span> <span class='ocrx_word' id='word_1_88' title='bbox 214 1162 245 1229; x_wconf 94' lang='grc' dir='ltr'><strong>Ι,</strong></span> <span class='ocrx_word' id='word_1_89' title='bbox 268 1166 305 1217; x_wconf 88' lang='grc'><strong>16</strong></span> <span class='ocrx_word' id='word_1_90' title='bbox 323 1163 383 1230; x_wconf 78' lang='grc'><strong>(19,</strong></span> <span class='ocrx_word' id='word_1_91' title='bbox 403 1160 558 1232; x_wconf 86' lang='lat' dir='ltr'><strong>posthaec</strong></span> <span class='ocrx_word' id='word_1_92' title='bbox 582 1159 677 1215; x_wconf 89' lang='lat' dir='ltr'><strong>omnia</strong></span> <span class='ocrx_word' id='word_1_93' title='bbox 701 1177 725 1214; x_wconf 94' lang='lat' dir='ltr'><strong>c.</strong></span> <span class='ocrx_word' id='word_1_94' title='bbox 749 1176 803 1215; x_wconf 90' lang='lat' dir='ltr'><strong>seo.</strong></span> <span class='ocrx_word' id='word_1_95' title='bbox 823 1160 1072 1231; x_wconf 84' lang='lat' dir='ltr'><strong>Hippocratis...</strong></span> 
     </span>
     <span class='ocr_line' id='line_1_13' title="bbox 471 1239 655 1310; baseline 0.005 -17"><span class='ocrx_word' id='word_1_96' title='bbox 471 1239 655 1310; x_wconf 84' lang='lat' dir='ltr'><strong>profuerunt).</strong></span> 
     </span>
     <span class='ocr_line' id='line_1_14' title="bbox 130 1319 1073 1391; baseline 0.005 -18"><span class='ocrx_word' id='word_1_97' title='bbox 130 1319 269 1374; x_wconf 76' lang='lat' dir='ltr'><strong>Infans</strong></span> <span class='ocrx_word' id='word_1_98' title='bbox 302 1322 344 1375; x_wconf 88' lang='lat' dir='ltr'><strong>ut</strong></span> <span class='ocrx_word' id='word_1_99' title='bbox 376 1320 475 1374; x_wconf 91' lang='lat' dir='ltr'><strong>bene</strong></span> <span class='ocrx_word' id='word_1_100' title='bbox 507 1319 688 1388; x_wconf 69' lang='lat' dir='ltr'><strong>demat,</strong></span> <span class='ocrx_word' id='word_1_101' title='bbox 720 1319 845 1389; x_wconf 90' lang='lat' dir='ltr'><strong>lapidem</strong></span> <span class='ocrx_word' id='word_1_102' title='bbox 872 1324 1012 1391; x_wconf 78' lang='lat' dir='ltr'><strong>gagatem</strong></span> <span class='ocrx_word' id='word_1_103' title='bbox 1038 1323 1073 1377; x_wconf 87' lang='lat' dir='ltr'><strong>ad</strong></span> 
     </span>
     <span class='ocr_line' id='line_1_15' title="bbox 58 1398 1073 1469; baseline 0.004 -16"><span class='ocrx_word' id='word_1_104' title='bbox 58 1399 164 1453; x_wconf 93' lang='lat' dir='ltr'><strong>collum</strong></span> <span class='ocrx_word' id='word_1_105' title='bbox 182 1400 322 1468; x_wconf 87' lang='lat' dir='ltr'><strong>suspende</strong></span> <span class='ocrx_word' id='word_1_106' title='bbox 341 1400 375 1454; x_wconf 89' lang='lat' dir='ltr'><strong>ei.</strong></span> <span class='ocrx_word' id='word_1_107' title='bbox 412 1399 544 1469; x_wconf 89' lang='lat' dir='ltr'><strong>lapillum</strong></span> <span class='ocrx_word' id='word_1_108' title='bbox 562 1399 597 1454; x_wconf 92' lang='lat' dir='ltr'><strong>de</strong></span> <span class='ocrx_word' id='word_1_109' title='bbox 616 1398 740 1454; x_wconf 88' lang='lat' dir='ltr'><strong>miliario</strong></span> <span class='ocrx_word' id='word_1_110' title='bbox 765 1403 865 1455; x_wconf 85' lang='lat' dir='ltr'><strong>excute</strong></span> <span class='ocrx_word' id='word_1_111' title='bbox 888 1401 968 1456; x_wconf 86' lang='lat' dir='ltr'><strong>etin</strong></span> <span class='ocrx_word' id='word_1_112' title='bbox 986 1401 1073 1457; x_wconf 63' lang='lat' dir='ltr'><strong>linwo</strong></span> 
     </span>
     <span class='ocr_line' id='line_1_16' title="bbox 19 1477 1073 1551; baseline 0.005 -21"><span class='ocrx_word' id='word_1_113' title='bbox 19 1489 45 1530; x_wconf 85' lang='lat' dir='ltr'><strong>1s</strong></span> <span class='ocrx_word' id='word_1_114' title='bbox 58 1478 180 1548; x_wconf 88' lang='lat' dir='ltr'><strong>ligatum</strong></span> <span class='ocrx_word' id='word_1_115' title='bbox 203 1479 276 1533; x_wconf 93' lang='lat' dir='ltr'><strong>collo</strong></span> <span class='ocrx_word' id='word_1_116' title='bbox 301 1480 448 1549; x_wconf 89' lang='lat' dir='ltr'><strong>suspende.</strong></span> <span class='ocrx_word' id='word_1_117' title='bbox 485 1479 602 1548; x_wconf 88' lang='lat' dir='ltr'><strong>pecudis</strong></span> <span class='ocrx_word' id='word_1_118' title='bbox 625 1479 740 1534; x_wconf 89' lang='lat' dir='ltr'><strong>cerebro</strong></span> <span class='ocrx_word' id='word_1_119' title='bbox 766 1477 919 1533; x_wconf 88' lang='lat' dir='ltr'><strong>cuiuslibet</strong></span> <span class='ocrx_word' id='word_1_120' title='bbox 942 1479 1073 1551; x_wconf 76' lang='lat' dir='ltr'><strong>gingivas</strong></span> 
     </span>
     <span class='ocr_line' id='line_1_17' title="bbox 58 1557 1073 1629; baseline 0.001 -17"><span class='ocrx_word' id='word_1_121' title='bbox 58 1557 222 1613; x_wconf 83' lang='lat' dir='ltr'><strong>confricato.</strong></span> <span class='ocrx_word' id='word_1_122' title='bbox 259 1559 373 1628; x_wconf 84' lang='lat' dir='ltr'><strong>viperae</strong></span> <span class='ocrx_word' id='word_1_123' title='bbox 393 1560 491 1614; x_wconf 89' lang='lat' dir='ltr'><strong>dentes</strong></span> <span class='ocrx_word' id='word_1_124' title='bbox 510 1559 541 1612; x_wconf 90' lang='lat' dir='ltr'><strong>in</strong></span> <span class='ocrx_word' id='word_1_125' title='bbox 566 1559 640 1614; x_wconf 88' lang='lat' dir='ltr'><strong>collo</strong></span> <span class='ocrx_word' id='word_1_126' title='bbox 659 1558 686 1614; x_wconf 89' lang='lat' dir='ltr'><strong>ei</strong></span> <span class='ocrx_word' id='word_1_127' title='bbox 704 1559 851 1628; x_wconf 89' lang='lat' dir='ltr'><strong>suspende.</strong></span> <span class='ocrx_word' id='word_1_128' title='bbox 889 1558 1024 1629; x_wconf 86' lang='lat' dir='ltr'><strong>lapillum</strong></span> <span class='ocrx_word' id='word_1_129' title='bbox 1042 1561 1073 1613; x_wconf 95' lang='lat' dir='ltr'><strong>li-</strong></span> 
     </span>
     <span class='ocr_line' id='line_1_18' title="bbox 58 1636 1074 1710; baseline 0.004 -19"><span class='ocrx_word' id='word_1_130' title='bbox 58 1637 146 1692; x_wconf 89' lang='lat' dir='ltr'><strong>macis</strong></span> <span class='ocrx_word' id='word_1_131' title='bbox 165 1637 239 1692; x_wconf 89' lang='lat' dir='ltr'><strong>collo</strong></span> <span class='ocrx_word' id='word_1_132' title='bbox 260 1638 287 1693; x_wconf 91' lang='lat' dir='ltr'><strong>ei</strong></span> <span class='ocrx_word' id='word_1_133' title='bbox 311 1639 459 1708; x_wconf 90' lang='lat' dir='ltr'><strong>suspende.</strong></span> <span class='ocrx_word' id='word_1_134' title='bbox 491 1639 550 1709; x_wconf 91' lang='lat' dir='ltr'><strong>lupi</strong></span> <span class='ocrx_word' id='word_1_135' title='bbox 571 1639 640 1694; x_wconf 92' lang='lat' dir='ltr'><strong>deus</strong></span> <span class='ocrx_word' id='word_1_136' title='bbox 659 1637 795 1707; x_wconf 78' lang='lat' dir='ltr'><strong>alligatus</strong></span> <span class='ocrx_word' id='word_1_137' title='bbox 818 1636 922 1692; x_wconf 89' lang='lat' dir='ltr'><strong>mirum</strong></span> <span class='ocrx_word' id='word_1_138' title='bbox 940 1642 993 1695; x_wconf 90' lang='lat' dir='ltr'><strong>est.</strong></span> <span class='ocrx_word' id='word_1_139' title='bbox 1025 1657 1074 1710; x_wconf 92' lang='lat' dir='ltr'><strong>pa·</strong></span> 
     </span>
     <span class='ocr_line' id='line_1_19' title="bbox 58 1715 1073 1790; baseline 0.001 -19"><span class='ocrx_word' id='word_1_140' title='bbox 58 1734 154 1772; x_wconf 88' lang='lat' dir='ltr'><strong>vorem</strong></span> <span class='ocrx_word' id='word_1_141' title='bbox 173 1718 200 1773; x_wconf 89' lang='lat' dir='ltr'><strong>ei</strong></span> <span class='ocrx_word' id='word_1_142' title='bbox 217 1719 358 1789; x_wconf 88' lang='lat' dir='ltr'><strong>prohibet.</strong></span> <span class='ocrx_word' id='word_1_143' title='bbox 394 1719 498 1790; x_wconf 85' lang='lat' dir='ltr'><strong>polypo</strong></span> <span class='ocrx_word' id='word_1_144' title='bbox 517 1718 627 1773; x_wconf 87' lang='lat' dir='ltr'><strong>marino</strong></span> <span class='ocrx_word' id='word_1_145' title='bbox 649 1717 715 1772; x_wconf 85' lang='lat' dir='ltr'><strong>vivo</strong></span> <span class='ocrx_word' id='word_1_146' title='bbox 740 1717 838 1770; x_wconf 89' lang='lat' dir='ltr'><strong>dentes</strong></span> <span class='ocrx_word' id='word_1_147' title='bbox 861 1715 933 1771; x_wconf 85' lang='lat' dir='ltr'><strong>tolle</strong></span> <span class='ocrx_word' id='word_1_148' title='bbox 952 1720 983 1773; x_wconf 88' lang='lat' dir='ltr'><strong>et</strong></span> <span class='ocrx_word' id='word_1_149' title='bbox 1001 1719 1073 1774; x_wconf 90' lang='lat' dir='ltr'><strong>collo</strong></span> 
     </span>
     <span class='ocr_line' id='line_1_20' title="bbox 58 1795 1073 1869; baseline 0.001 -17"><span class='ocrx_word' id='word_1_150' title='bbox 58 1800 198 1869; x_wconf 85' lang='lat' dir='ltr'><strong>suspende</strong></span> <span class='ocrx_word' id='word_1_151' title='bbox 216 1799 259 1854; x_wconf 88' lang='lat' dir='ltr'><strong>ita</strong></span> <span class='ocrx_word' id='word_1_152' title='bbox 277 1802 310 1854; x_wconf 93' lang='lat' dir='ltr'><strong>ut</strong></span> <span class='ocrx_word' id='word_1_153' title='bbox 327 1799 421 1869; x_wconf 93' lang='lat' dir='ltr'><strong>ipsum</strong></span> <span class='ocrx_word' id='word_1_154' title='bbox 444 1799 541 1854; x_wconf 81' lang='lat' dir='ltr'><strong>vivum</strong></span> <span class='ocrx_word' id='word_1_155' title='bbox 560 1797 697 1853; x_wconf 87' lang='lat' dir='ltr'><strong>dimittes.</strong></span> <span class='ocrx_word' id='word_1_156' title='bbox 734 1795 840 1851; x_wconf 90' lang='lat' dir='ltr'><strong>facile</strong></span> <span class='ocrx_word' id='word_1_157' title='bbox 864 1799 898 1851; x_wconf 84' lang='lat' dir='ltr'><strong>ct</strong></span> <span class='ocrx_word' id='word_1_158' title='bbox 921 1797 996 1854; x_wconf 90' lang='lat' dir='ltr'><strong>sine</strong></span> <span class='ocrx_word' id='word_1_159' title='bbox 1017 1800 1073 1853; x_wconf 95' lang='lat' dir='ltr'><strong>do-</strong></span> 
     </span>
     <span class='ocr_line' id='line_1_21' title="bbox 19 1874 1073 1949; baseline 0.002 -19"><span class='ocrx_word' id='word_1_160' title='bbox 19 1891 46 1931; x_wconf 86' lang='lat' dir='ltr'><strong>ao</strong></span> <span class='ocrx_word' id='word_1_161' title='bbox 60 1874 132 1934; x_wconf 84' lang='lat' dir='ltr'><strong>lore</strong></span> <span class='ocrx_word' id='word_1_162' title='bbox 152 1880 317 1935; x_wconf 90' lang='lat' dir='ltr'><strong>dentiunt</strong></span> <span class='ocrx_word' id='word_1_163' title='bbox 334 1880 505 1949; x_wconf 86' lang='lat' dir='ltr'><strong>infantes,</strong></span> <span class='ocrx_word' id='word_1_164' title='bbox 525 1879 549 1933; x_wconf 89' lang='lat' dir='ltr'><strong>si</strong></span> <span class='ocrx_word' id='word_1_165' title='bbox 564 1880 678 1933; x_wconf 89' lang='lat' dir='ltr'><strong>dentem</strong></span> <span class='ocrx_word' id='word_1_166' title='bbox 694 1876 760 1946; x_wconf 83' lang='lat' dir='ltr'><strong>equi</strong></span> <span class='ocrx_word' id='word_1_167' title='bbox 774 1875 824 1945; x_wconf 90' lang='lat' dir='ltr'><strong>qui</strong></span> <span class='ocrx_word' id='word_1_168' title='bbox 836 1875 928 1946; x_wconf 90' lang='lat' dir='ltr'><strong>primo</strong></span> <span class='ocrx_word' id='word_1_169' title='bbox 943 1879 1028 1934; x_wconf 86' lang='lat' dir='ltr'><strong>cadet</strong></span> <span class='ocrx_word' id='word_1_170' title='bbox 1046 1878 1073 1933; x_wconf 94' lang='lat' dir='ltr'><strong>ei</strong></span> 
     </span>
     <span class='ocr_line' id='line_1_22' title="bbox 58 1957 1073 2031; baseline -0.002 -17"><span class='ocrx_word' id='word_1_171' title='bbox 58 1959 131 2015; x_wconf 87' lang='lat' dir='ltr'><strong>collo</strong></span> <span class='ocrx_word' id='word_1_172' title='bbox 151 1961 315 2031; x_wconf 89' lang='lat' dir='ltr'><strong>suspendas,</strong></span> <span class='ocrx_word' id='word_1_173' title='bbox 334 1961 384 2015; x_wconf 87' lang='lat' dir='ltr'><strong>sed</strong></span> <span class='ocrx_word' id='word_1_174' title='bbox 402 1959 503 2014; x_wconf 91' lang='lat' dir='ltr'><strong>melius</strong></span> <span class='ocrx_word' id='word_1_175' title='bbox 518 1962 561 2013; x_wconf 88' lang='lat' dir='ltr'><strong>est</strong></span> <span class='ocrx_word' id='word_1_176' title='bbox 575 1958 600 2012; x_wconf 91' lang='lat' dir='ltr'><strong>si</strong></span> <span class='ocrx_word' id='word_1_177' title='bbox 614 1957 675 2027; x_wconf 90' lang='lat' dir='ltr'><strong>ipse</strong></span> <span class='ocrx_word' id='word_1_178' title='bbox 689 1957 758 2011; x_wconf 89' lang='lat' dir='ltr'><strong>dene</strong></span> <span class='ocrx_word' id='word_1_179' title='bbox 772 1958 878 2012; x_wconf 86' lang='lat' dir='ltr'><strong>terram</strong></span> <span class='ocrx_word' id='word_1_180' title='bbox 891 1973 951 2013; x_wconf 88' lang='lat' dir='ltr'><strong>non</strong></span> <span class='ocrx_word' id='word_1_181' title='bbox 963 1960 1073 2029; x_wconf 87' lang='lat' dir='ltr'><strong>tangat.</strong></span> 
     </span>
     <span class='ocr_line' id='line_1_23' title="bbox 57 2039 402 2096; baseline 0.006 -5"><span class='ocrx_word' id='word_1_182' title='bbox 57 2039 111 2094; x_wconf 89' lang='lat' dir='ltr'><strong>hoc</strong></span> <span class='ocrx_word' id='word_1_183' title='bbox 130 2041 218 2096; x_wconf 90' lang='lat' dir='ltr'><strong>catuli</strong></span> <span class='ocrx_word' id='word_1_184' title='bbox 237 2042 305 2096; x_wconf 91' lang='lat' dir='ltr'><strong>dens</strong></span> <span class='ocrx_word' id='word_1_185' title='bbox 324 2040 402 2095; x_wconf 86' lang='lat' dir='ltr'><strong>facit.</strong></span> 
     </span>
     <span class='ocr_line' id='line_1_24' title="bbox 129 2119 859 2184; baseline -0.004 -10"><span class='ocrx_word' id='word_1_186' title='bbox 129 2121 309 2176; x_wconf 83' lang='lat' dir='ltr'><strong>Trooisous</strong></span> <span class='ocrx_word' id='word_1_187' title='bbox 327 2120 444 2173; x_wconf 88' lang='lat' dir='ltr'><strong>Musae</strong></span> <span class='ocrx_word' id='word_1_188' title='bbox 463 2119 625 2174; x_wconf 77' lang='lat' dir='ltr'><strong>describitur</strong></span> <span class='ocrx_word' id='word_1_189' title='bbox 642 2119 681 2173; x_wconf 82' lang='lat' dir='ltr'><strong>ad</strong></span> <span class='ocrx_word' id='word_1_190' title='bbox 698 2119 774 2184; x_wconf 89' lang='lat' dir='ltr'><strong><em>I,17</em></strong></span> <span class='ocrx_word' id='word_1_191' title='bbox 790 2119 859 2184; x_wconf 81' lang='lat'><em>(52).</em></span> 
     </span>
    </p>
   </div>
   <div class='ocr_carea' id='block_1_4' title="bbox 17 2221 1074 2850">
    <p class='ocr_par' dir='ltr' id='par_1_4' title="bbox 57 2221 1073 2296">
     <span class='ocr_line' id='line_1_25' title="bbox 57 2221 1073 2296; baseline -0.003 -16"><span class='ocrx_word' id='word_1_192' title='bbox 57 2226 105 2280; x_wconf 86' lang='lat' dir='ltr'><strong>Ad</strong></span> <span class='ocrx_word' id='word_1_193' title='bbox 122 2227 153 2294; x_wconf 87' lang='lat' dir='ltr'><strong>I,</strong></span> <span class='ocrx_word' id='word_1_194' title='bbox 172 2232 209 2282; x_wconf 87' lang='lat'><strong>17</strong></span> <span class='ocrx_word' id='word_1_195' title='bbox 228 2231 287 2296; x_wconf 85' lang='lat'><em>(53)</em></span> <span class='ocrx_word' id='word_1_196' title='bbox 312 2226 358 2280; x_wconf 84' lang='lat' dir='ltr'><strong>Ile</strong></span> <span class='ocrx_word' id='word_1_197' title='bbox 380 2223 480 2280; x_wconf 83' lang='lat' dir='ltr'><strong>vitiis</strong></span> <span class='ocrx_word' id='word_1_198' title='bbox 508 2222 659 2277; x_wconf 82' lang='lat' dir='ltr'><strong>faucium</strong></span> <span class='ocrx_word' id='word_1_199' title='bbox 686 2223 740 2278; x_wconf 86' lang='lat' dir='ltr'><strong>vel</strong></span> <span class='ocrx_word' id='word_1_200' title='bbox 768 2221 839 2277; x_wconf 90' lang='lat' dir='ltr'><strong>oris</strong></span> <span class='ocrx_word' id='word_1_201' title='bbox 858 2224 935 2291; x_wconf 80' lang='lat' dir='ltr'><strong>(poet</strong></span> <span class='ocrx_word' id='word_1_202' title='bbox 957 2239 1004 2278; x_wconf 89' lang='lat' dir='ltr'><strong>ros</strong></span> <span class='ocrx_word' id='word_1_203' title='bbox 1028 2240 1073 2292; x_wconf 86' lang='lat' dir='ltr'><strong>sy-</strong></span> 
     </span>
    </p>

    <p class='ocr_par' dir='ltr' id='par_1_5' title="bbox 21 2301 630 2373">
     <span class='ocr_line' id='line_1_26' title="bbox 21 2301 630 2373; baseline -0.003 -14"><span class='ocrx_word' id='word_1_204' title='bbox 21 2319 46 2359; x_wconf 75' lang='lat'><strong>25</strong></span> <span class='ocrx_word' id='word_1_205' title='bbox 503 2301 630 2373; x_wconf 84' lang='lat' dir='ltr'><strong>rincum).</strong></span> 
     </span>
    </p>

    <p class='ocr_par' dir='ltr' id='par_1_6' title="bbox 17 2380 1074 2676">
     <span class='ocr_line' id='line_1_27' title="bbox 17 2380 1074 2455; baseline -0.002 -17"><span class='ocrx_word' id='word_1_206' title='bbox 17 2384 66 2455; x_wconf 91' lang='lat' dir='ltr'><strong>HI)</strong></span> <span class='ocrx_word' id='word_1_207' title='bbox 166 2386 211 2440; x_wconf 84' lang='lat' dir='ltr'><strong>Sic</strong></span> <span class='ocrx_word' id='word_1_208' title='bbox 231 2384 304 2438; x_wconf 90' lang='lat' dir='ltr'><strong>sales</strong></span> <span class='ocrx_word' id='word_1_209' title='bbox 322 2383 384 2438; x_wconf 85' lang='lat' dir='ltr'><strong>triti</strong></span> <span class='ocrx_word' id='word_1_210' title='bbox 403 2400 467 2437; x_wconf 89' lang='lat' dir='ltr'><strong>cum</strong></span> <span class='ocrx_word' id='word_1_211' title='bbox 484 2380 568 2435; x_wconf 91' lang='lat' dir='ltr'><strong>melle</strong></span> <span class='ocrx_word' id='word_1_212' title='bbox 586 2380 708 2434; x_wconf 89' lang='lat' dir='ltr'><strong>multum</strong></span> <span class='ocrx_word' id='word_1_213' title='bbox 724 2384 851 2451; x_wconf 87' lang='lat' dir='ltr'><strong>prosunt.</strong></span> <span class='ocrx_word' id='word_1_214' title='bbox 885 2380 925 2434; x_wconf 84' lang='lat' dir='ltr'><strong>sic</strong></span> <span class='ocrx_word' id='word_1_215' title='bbox 944 2381 1074 2436; x_wconf 88' lang='lat' dir='ltr'><strong>radicum</strong></span> 
     </span>
     <span class='ocr_line' id='line_1_28' title="bbox 58 2460 1073 2530; baseline -0.002 -13"><span class='ocrx_word' id='word_1_216' title='bbox 58 2463 182 2517; x_wconf 92' lang='lat' dir='ltr'><strong>caulium</strong></span> <span class='ocrx_word' id='word_1_217' title='bbox 197 2463 407 2518; x_wconf 86' lang='lat' dir='ltr'><strong>combustarum</strong></span> <span class='ocrx_word' id='word_1_218' title='bbox 420 2461 499 2515; x_wconf 89' lang='lat' dir='ltr'><strong>cinis.</strong></span> <span class='ocrx_word' id='word_1_219' title='bbox 525 2460 565 2514; x_wconf 90' lang='lat' dir='ltr'><strong>sio</strong></span> <span class='ocrx_word' id='word_1_220' title='bbox 579 2460 658 2514; x_wconf 89' lang='lat' dir='ltr'><strong>aneti</strong></span> <span class='ocrx_word' id='word_1_221' title='bbox 672 2460 741 2515; x_wconf 90' lang='lat' dir='ltr'><strong>sicci</strong></span> <span class='ocrx_word' id='word_1_222' title='bbox 755 2460 834 2515; x_wconf 87' lang='lat' dir='ltr'><strong>cinis.</strong></span> <span class='ocrx_word' id='word_1_223' title='bbox 858 2460 965 2516; x_wconf 90' lang='lat' dir='ltr'><strong>herbae</strong></span> <span class='ocrx_word' id='word_1_224' title='bbox 979 2461 1073 2530; x_wconf 76' lang='lat' dir='ltr'><strong>cycla-</strong></span> 
     </span>
     <span class='ocr_line' id='line_1_29' title="bbox 57 2539 1072 2610; baseline -0.001 -14"><span class='ocrx_word' id='word_1_225' title='bbox 57 2542 142 2596; x_wconf 91' lang='lat' dir='ltr'><strong>minis</strong></span> <span class='ocrx_word' id='word_1_226' title='bbox 152 2543 257 2597; x_wconf 90' lang='lat' dir='ltr'><strong>radicis</strong></span> <span class='ocrx_word' id='word_1_227' title='bbox 267 2559 349 2597; x_wconf 89' lang='lat' dir='ltr'><strong>sucus</strong></span> <span class='ocrx_word' id='word_1_228' title='bbox 359 2573 394 2582; x_wconf 93' lang='lat'><em>-</em></span> <span class='ocrx_word' id='word_1_229' title='bbox 404 2558 468 2595; x_wconf 90' lang='lat' dir='ltr'><strong>cum</strong></span> <span class='ocrx_word' id='word_1_230' title='bbox 477 2539 616 2594; x_wconf 88' lang='lat' dir='ltr'><strong>cocleario</strong></span> <span class='ocrx_word' id='word_1_231' title='bbox 630 2542 674 2594; x_wconf 87' lang='lat' dir='ltr'><strong>ter</strong></span> <span class='ocrx_word' id='word_1_232' title='bbox 687 2539 718 2594; x_wconf 91' lang='lat' dir='ltr'><strong>iu</strong></span> <span class='ocrx_word' id='word_1_233' title='bbox 728 2540 773 2594; x_wconf 91' lang='lat' dir='ltr'><strong>die</strong></span> <span class='ocrx_word' id='word_1_234' title='bbox 788 2540 893 2610; x_wconf 85' lang='lat' dir='ltr'><strong>tangis,</strong></span> <span class='ocrx_word' id='word_1_235' title='bbox 903 2540 1007 2594; x_wconf 87' lang='lat' dir='ltr'><strong>mirum</strong></span> <span class='ocrx_word' id='word_1_236' title='bbox 1020 2543 1072 2596; x_wconf 87' lang='lat' dir='ltr'><strong>est.</strong></span> 
     </span>
     <span class='ocr_line' id='line_1_30' title="bbox 57 2619 1073 2676; baseline -0.001 -1"><span class='ocrx_word' id='word_1_237' title='bbox 57 2621 241 2676; x_wconf 87' lang='lat' dir='ltr'><strong>hirundinum</strong></span> <span class='ocrx_word' id='word_1_238' title='bbox 263 2621 473 2676; x_wconf 86' lang='lat' dir='ltr'><strong>combustarum</strong></span> <span class='ocrx_word' id='word_1_239' title='bbox 495 2619 566 2673; x_wconf 90' lang='lat' dir='ltr'><strong>cinis</strong></span> <span class='ocrx_word' id='word_1_240' title='bbox 590 2636 654 2673; x_wconf 90' lang='lat' dir='ltr'><strong>cum</strong></span> <span class='ocrx_word' id='word_1_241' title='bbox 676 2619 759 2674; x_wconf 91' lang='lat' dir='ltr'><strong>melle</strong></span> <span class='ocrx_word' id='word_1_242' title='bbox 783 2619 887 2674; x_wconf 87' lang='lat' dir='ltr'><strong>mixtus</strong></span> <span class='ocrx_word' id='word_1_243' title='bbox 910 2619 982 2674; x_wconf 88' lang='lat' dir='ltr'><strong>mire</strong></span> <span class='ocrx_word' id='word_1_244' title='bbox 1001 2637 1073 2674; x_wconf 83' lang='lat' dir='ltr'><strong>uvae</strong></span> 
     </span>
    </p>

    <p class='ocr_par' dir='ltr' id='par_1_7' title="bbox 18 2699 1074 2850">
     <span class='ocr_line' id='line_1_31' title="bbox 18 2699 1074 2769; baseline -0.003 -11"><span class='ocrx_word' id='word_1_245' title='bbox 18 2720 44 2760; x_wconf 86' lang='lat' dir='ltr'><strong>ao</strong></span> <span class='ocrx_word' id='word_1_246' title='bbox 58 2705 88 2758; x_wconf 88' lang='lat' dir='ltr'><strong>et</strong></span> <span class='ocrx_word' id='word_1_247' title='bbox 105 2701 234 2756; x_wconf 85' lang='lat' dir='ltr'><strong>faucibus</strong></span> <span class='ocrx_word' id='word_1_248' title='bbox 254 2700 399 2756; x_wconf 89' lang='lat' dir='ltr'><strong>succurrit.</strong></span> <span class='ocrx_word' id='word_1_249' title='bbox 431 2699 540 2754; x_wconf 87' lang='lat' dir='ltr'><strong>urticae</strong></span> <span class='ocrx_word' id='word_1_250' title='bbox 559 2717 641 2753; x_wconf 90' lang='lat' dir='ltr'><strong>sucus</strong></span> <span class='ocrx_word' id='word_1_251' title='bbox 660 2699 736 2754; x_wconf 92' lang='lat' dir='ltr'><strong>idem</strong></span> <span class='ocrx_word' id='word_1_252' title='bbox 754 2702 890 2769; x_wconf 89' lang='lat' dir='ltr'><strong>praestat.</strong></span> <span class='ocrx_word' id='word_1_253' title='bbox 923 2700 989 2754; x_wconf 89' lang='lat' dir='ltr'><strong>rubi</strong></span> <span class='ocrx_word' id='word_1_254' title='bbox 1003 2700 1074 2755; x_wconf 91' lang='lat' dir='ltr'><strong>folia</strong></span> 
     </span>
     <span class='ocr_line' id='line_1_32' title="bbox 57 2779 1074 2850; baseline -0.001 -14"><span class='ocrx_word' id='word_1_255' title='bbox 57 2781 88 2835; x_wconf 88' lang='lat' dir='ltr'><strong>in</strong></span> <span class='ocrx_word' id='word_1_256' title='bbox 106 2782 206 2836; x_wconf 86' lang='lat' dir='ltr'><strong>umbra</strong></span> <span class='ocrx_word' id='word_1_257' title='bbox 224 2781 350 2836; x_wconf 88' lang='lat' dir='ltr'><strong>arefacta</strong></span> <span class='ocrx_word' id='word_1_258' title='bbox 368 2780 399 2834; x_wconf 91' lang='lat' dir='ltr'><strong>iu</strong></span> <span class='ocrx_word' id='word_1_259' title='bbox 416 2779 561 2850; x_wconf 77' lang='lat' dir='ltr'><strong>pulverem</strong></span> <span class='ocrx_word' id='word_1_260' title='bbox 579 2779 704 2849; x_wconf 85' lang='lat' dir='ltr'><strong>redacta,</strong></span> <span class='ocrx_word' id='word_1_261' title='bbox 723 2797 810 2834; x_wconf 85' lang='lat' dir='ltr'><strong>uvam</strong></span> <span class='ocrx_word' id='word_1_262' title='bbox 827 2779 852 2833; x_wconf 91' lang='lat' dir='ltr'><strong>si</strong></span> <span class='ocrx_word' id='word_1_263' title='bbox 869 2784 973 2849; x_wconf 89' lang='lat' dir='ltr'><strong>tangas</strong></span> <span class='ocrx_word' id='word_1_264' title='bbox 992 2797 1074 2850; x_wconf 87' lang='lat' dir='ltr'><strong>prae·</strong></span> 
     </span>
    </p>
   </div>
   <div class='ocr_carea' id='block_1_5' title="bbox 129 2941 1074 3011">
    <p class='ocr_par' dir='ltr' id='par_1_8' title="bbox 129 2941 1074 3011">
     <span class='ocr_line' id='line_1_33' title="bbox 129 2941 1074 3011; baseline 0.001 -16"><span class='ocrx_word' id='word_1_265' title='bbox 129 2947 145 2994; x_wconf 77' lang='lat'>2</span> <span class='ocrx_word' id='word_1_266' title='bbox 164 2942 199 3008; x_wconf 84' lang='lat' dir='ltr'><strong>cf.</strong></span> <span class='ocrx_word' id='word_1_267' title='bbox 219 2942 309 2998; x_wconf 87' lang='lat' dir='ltr'><strong>Marc.</strong></span> <span class='ocrx_word' id='word_1_268' title='bbox 326 2959 355 3011; x_wconf 84' lang='lat' dir='ltr'><strong>p.</strong></span> <span class='ocrx_word' id='word_1_269' title='bbox 375 2945 438 3009; x_wconf 79' lang='lat'><strong><em>123,</em></strong></span> <span class='ocrx_word' id='word_1_270' title='bbox 451 2945 490 2996; x_wconf 85' lang='lat'><strong>26</strong></span> <span class='ocrx_word' id='word_1_271' title='bbox 508 2949 533 2997; x_wconf 88' lang='lat' dir='ltr'><strong>et</strong></span> <span class='ocrx_word' id='word_1_272' title='bbox 552 2943 597 2998; x_wconf 87' lang='lat' dir='ltr'><strong>Ps.</strong></span> <span class='ocrx_word' id='word_1_273' title='bbox 617 2944 695 2997; x_wconf 80' lang='lat' dir='ltr'><strong>Plla.</strong></span> <span class='ocrx_word' id='word_1_274' title='bbox 714 2942 798 3008; x_wconf 65' lang='lat' dir='ltr'><strong>fl25⁶</strong></span> <span class='ocrx_word' id='word_1_275' title='bbox 814 2941 881 2994; x_wconf 85' lang='lat' dir='ltr'><strong>Bas.</strong></span> <span class='ocrx_word' id='word_1_276' title='bbox 973 2946 989 2994; x_wconf 87' lang='grc'>6</span> <span class='ocrx_word' id='word_1_277' title='bbox 1008 2943 1074 2996; x_wconf 82' lang='lat' dir='ltr'><strong>hoec</strong></span> 
     </span>
    </p>
   </div>
   <div class='ocr_carea' id='block_1_6' title="bbox 58 3010 1074 3155">
    <p class='ocr_par' dir='ltr' id='par_1_9' title="bbox 58 3010 1074 3155">
     <span class='ocr_line' id='line_1_34' title="bbox 58 3010 1072 3083; baseline 0 -17"><span class='ocrx_word' id='word_1_278' title='bbox 58 3014 115 3066; x_wconf 79' lang='lat' dir='ltr'><strong>iam</strong></span> <span class='ocrx_word' id='word_1_279' title='bbox 130 3014 270 3081; x_wconf 74' lang='lat' dir='ltr'><strong>pertimet</strong></span> <span class='ocrx_word' id='word_1_280' title='bbox 287 3014 325 3068; x_wconf 82' lang='lat' dir='ltr'><strong>ud</strong></span> <span class='ocrx_word' id='word_1_281' title='bbox 342 3020 426 3083; x_wconf 76' lang='lat' dir='ltr'><strong>caput</strong></span> <span class='ocrx_word' id='word_1_282' title='bbox 442 3031 494 3083; x_wconf 76' lang='lat' dir='ltr'><strong>seq.</strong></span> <span class='ocrx_word' id='word_1_283' title='bbox 515 3017 551 3068; x_wconf 82' lang='lat'><strong>17</strong></span> <span class='ocrx_word' id='word_1_284' title='bbox 570 3015 608 3068; x_wconf 90' lang='lat' dir='ltr'><strong>de</strong></span> <span class='ocrx_word' id='word_1_285' title='bbox 627 3011 729 3067; x_wconf 86' lang='lat' dir='ltr'><strong>vitiis</strong></span> <span class='ocrx_word' id='word_1_286' title='bbox 748 3010 901 3064; x_wconf 87' lang='lat' dir='ltr'><strong>faucium</strong></span> <span class='ocrx_word' id='word_1_287' title='bbox 918 3011 973 3065; x_wconf 88' lang='lat' dir='ltr'><strong>vel</strong></span> <span class='ocrx_word' id='word_1_288' title='bbox 993 3012 1072 3067; x_wconf 89' lang='lat' dir='ltr'><strong>oris.</strong></span> 
     </span>
     <span class='ocr_line' id='line_1_35' title="bbox 59 3081 1074 3155; baseline 0.001 -19"><span class='ocrx_word' id='word_1_289' title='bbox 59 3081 153 3152; x_wconf 74' lang='lat' dir='ltr'><strong>tliga</strong></span> <span class='ocrx_word' id='word_1_290' title='bbox 173 3085 242 3152; x_wconf 77' lang='lat' dir='ltr'><strong>(bis)</strong></span> <span class='ocrx_word' id='word_1_291' title='bbox 263 3085 278 3138; x_wconf 86' lang='lat' dir='ltr'><em>b</em></span> <span class='ocrx_word' id='word_1_292' title='bbox 298 3087 471 3152; x_wconf 70' lang='lat' dir='ltr'><strong>(iterasti).</strong></span> <span class='ocrx_word' id='word_1_293' title='bbox 545 3081 827 3155; x_wconf 79' lang='lat' dir='ltr'><strong>8pulci1&#39;1...tritd</strong></span> <span class='ocrx_word' id='word_1_294' title='bbox 846 3083 870 3135; x_wconf 88' lang='lat' dir='ltr'><strong>b.</strong></span> <span class='ocrx_word' id='word_1_295' title='bbox 945 3088 978 3135; x_wconf 80' lang='lat'><strong>15</strong></span> <span class='ocrx_word' id='word_1_296' title='bbox 998 3099 1074 3138; x_wconf 86' lang='lat' dir='ltr'><strong>cere·</strong></span> 
     </span>
    </p>
   </div>
   <div class='ocr_carea' id='block_1_7' title="bbox 49 3169 1073 3619">
    <p class='ocr_par' dir='ltr' id='par_1_10' title="bbox 49 3169 1073 3619">
     <span class='ocr_line' id='line_1_36' title="bbox 57 3169 1071 3260; baseline -0.001 -17"><span class='ocrx_word' id='word_1_297' title='bbox 57 3188 111 3243; x_wconf 80' lang='lat' dir='ltr'><strong>bru</strong></span> <span class='ocrx_word' id='word_1_298' title='bbox 130 3189 154 3243; x_wconf 83' lang='lat' dir='ltr'><strong>s.</strong></span> <span class='ocrx_word' id='word_1_299' title='bbox 211 3190 403 3246; x_wconf 64' lang='lat' dir='ltr'><strong>masmae.</strong></span> <span class='ocrx_word' id='word_1_300' title='bbox 460 3169 648 3260; x_wconf 61' lang='lat' dir='ltr'><strong>anmals.</strong></span> <span class='ocrx_word' id='word_1_301' title='bbox 705 3185 1071 3259; x_wconf 72' lang='lat' dir='ltr'><strong>1sfaes1e=sas0s(·)e.</strong></span> 
     </span>
     <span class='ocr_line' id='line_1_37' title="bbox 58 3261 1073 3332; baseline 0.001 -17"><span class='ocrx_word' id='word_1_302' title='bbox 58 3261 123 3316; x_wconf 80' lang='lat' dir='ltr'><strong>haec</strong></span> <span class='ocrx_word' id='word_1_303' title='bbox 140 3277 174 3315; x_wconf 80' lang='lat' dir='ltr'><strong>cx</strong></span> <span class='ocrx_word' id='word_1_304' title='bbox 192 3262 282 3315; x_wconf 77' lang='lat' dir='ltr'><strong>ecclesa</strong></span> <span class='ocrx_word' id='word_1_305' title='bbox 294 3263 370 3329; x_wconf 74' lang='lat' dir='ltr'><strong>fosete</strong></span> <span class='ocrx_word' id='word_1_306' title='bbox 384 3277 436 3332; x_wconf 76' lang='lat' dir='ltr'><strong>quo</strong></span> <span class='ocrx_word' id='word_1_307' title='bbox 450 3262 495 3317; x_wconf 83' lang='lat' dir='ltr'><strong>Pa.</strong></span> <span class='ocrx_word' id='word_1_308' title='bbox 514 3263 592 3318; x_wconf 76' lang='lat' dir='ltr'><strong>Ptsa.</strong></span> <span class='ocrx_word' id='word_1_309' title='bbox 611 3263 710 3329; x_wconf 72' lang='lat' dir='ltr'><strong>fi26t.</strong></span> <span class='ocrx_word' id='word_1_310' title='bbox 819 3264 853 3311; x_wconf 76' lang='lat'><strong>22</strong></span> <span class='ocrx_word' id='word_1_311' title='bbox 869 3261 962 3314; x_wconf 80' lang='lat' dir='ltr'><strong>eadem</strong></span> <span class='ocrx_word' id='word_1_312' title='bbox 979 3263 1073 3316; x_wconf 77' lang='lat' dir='ltr'><strong>emata</strong></span> 
     </span>
     <span class='ocr_line' id='line_1_38' title="bbox 58 3327 1071 3402; baseline 0.001 -16"><span class='ocrx_word' id='word_1_313' title='bbox 58 3333 122 3387; x_wconf 83' lang='lat' dir='ltr'><strong>edd.</strong></span> <span class='ocrx_word' id='word_1_314' title='bbox 138 3332 176 3386; x_wconf 85' lang='lat' dir='ltr'><strong>ad</strong></span> <span class='ocrx_word' id='word_1_315' title='bbox 189 3349 211 3398; x_wconf 87' lang='lat' dir='ltr'><strong>c,</strong></span> <span class='ocrx_word' id='word_1_316' title='bbox 226 3337 263 3386; x_wconf 85' lang='grc'><strong>16</strong></span> <span class='ocrx_word' id='word_1_317' title='bbox 276 3334 355 3388; x_wconf 80' lang='lat' dir='ltr'><strong>habet</strong></span> <span class='ocrx_word' id='word_1_318' title='bbox 369 3350 392 3400; x_wconf 87' lang='lat' dir='ltr'><strong>c,</strong></span> <span class='ocrx_word' id='word_1_319' title='bbox 406 3350 475 3402; x_wconf 75' lang='lat' dir='ltr'><strong>qaae</strong></span> <span class='ocrx_word' id='word_1_320' title='bbox 493 3334 654 3402; x_wconf 57' lang='grc'><em>(3331383</em></span> <span class='ocrx_word' id='word_1_321' title='bbox 677 3327 926 3386; x_wconf 74' lang='lat' dir='ltr'><strong>catulidensfae.</strong></span> <span class='ocrx_word' id='word_1_322' title='bbox 983 3337 1017 3387; x_wconf 81' lang='lat'><strong>26</strong></span> <span class='ocrx_word' id='word_1_323' title='bbox 1037 3334 1071 3400; x_wconf 77' lang='lat' dir='ltr'><strong>cf.</strong></span> 
     </span>
     <span class='ocr_line' id='line_1_39' title="bbox 62 3401 1071 3476; baseline 0.003 -19"><span class='ocrx_word' id='word_1_324' title='bbox 62 3403 163 3458; x_wconf 79' lang='lat' dir='ltr'><strong>Theod.</strong></span> <span class='ocrx_word' id='word_1_325' title='bbox 178 3408 204 3469; x_wconf 88' lang='lat'><strong>1,</strong></span> <span class='ocrx_word' id='word_1_326' title='bbox 219 3407 254 3458; x_wconf 78' lang='lat'><strong>53</strong></span> <span class='ocrx_word' id='word_1_327' title='bbox 272 3410 339 3459; x_wconf 70' lang='lat' dir='ltr'><strong>con.</strong></span> <span class='ocrx_word' id='word_1_328' title='bbox 402 3410 436 3458; x_wconf 80' lang='lat'><strong>28</strong></span> <span class='ocrx_word' id='word_1_329' title='bbox 456 3405 519 3458; x_wconf 70' lang='lat' dir='ltr'><strong>suol</strong></span> <span class='ocrx_word' id='word_1_330' title='bbox 536 3408 689 3476; x_wconf 83' lang='lat' dir='ltr'><strong>(us)ou1n.</strong></span> <span class='ocrx_word' id='word_1_331' title='bbox 706 3441 712 3454; x_wconf 93' lang='lat'><strong>.</strong></span> <span class='ocrx_word' id='word_1_332' title='bbox 728 3443 733 3455; x_wconf 93' lang='lat'><strong>.</strong></span> <span class='ocrx_word' id='word_1_333' title='bbox 749 3401 772 3455; x_wconf 88' lang='lat' dir='ltr'><strong>b.</strong></span> <span class='ocrx_word' id='word_1_334' title='bbox 828 3405 863 3453; x_wconf 77' lang='grc'><strong>33</strong></span> <span class='ocrx_word' id='word_1_335' title='bbox 881 3402 916 3468; x_wconf 84' lang='lat' dir='ltr'><strong>cf.</strong></span> <span class='ocrx_word' id='word_1_336' title='bbox 939 3402 1071 3460; x_wconf 78' lang='lat' dir='ltr'><strong>Theodor.</strong></span> 
     </span>
     <span class='ocr_line' id='line_1_40' title="bbox 60 3471 1071 3546; baseline 0.002 -17"><span class='ocrx_word' id='word_1_337' title='bbox 60 3480 86 3542; x_wconf 88' lang='lat'><strong>1,</strong></span> <span class='ocrx_word' id='word_1_338' title='bbox 100 3478 136 3530; x_wconf 83' lang='lat'><strong>53</strong></span> <span class='ocrx_word' id='word_1_339' title='bbox 152 3478 202 3545; x_wconf 78' lang='lat' dir='ltr'><strong>(pr.</strong></span> <span class='ocrx_word' id='word_1_340' title='bbox 220 3473 282 3530; x_wconf 77' lang='lat' dir='ltr'><strong>Gal.</strong></span> <span class='ocrx_word' id='word_1_341' title='bbox 299 3474 383 3541; x_wconf 83' lang='lat' dir='ltr'><strong><em>XIV,</em></strong></span> <span class='ocrx_word' id='word_1_342' title='bbox 397 3479 473 3541; x_wconf 87' lang='grc'><em>361).</em></span> <span class='ocrx_word' id='word_1_343' title='bbox 502 3478 594 3533; x_wconf 77' lang='lat' dir='ltr'><strong>Marc.</strong></span> <span class='ocrx_word' id='word_1_344' title='bbox 605 3492 635 3546; x_wconf 80' lang='lat' dir='ltr'><strong>p.</strong></span> <span class='ocrx_word' id='word_1_345' title='bbox 650 3474 713 3538; x_wconf 88' lang='grc'><em>133,</em></span> <span class='ocrx_word' id='word_1_346' title='bbox 727 3476 752 3526; x_wconf 90' lang='lat'><strong>3.</strong></span> <span class='ocrx_word' id='word_1_347' title='bbox 839 3475 874 3524; x_wconf 85' lang='grc'><em>30</em></span> <span class='ocrx_word' id='word_1_348' title='bbox 888 3471 977 3527; x_wconf 90' lang='lat' dir='ltr'><strong>ortioe</strong></span> <span class='ocrx_word' id='word_1_349' title='bbox 992 3475 1016 3530; x_wconf 85' lang='lat' dir='ltr'><strong>b.</strong></span> <span class='ocrx_word' id='word_1_350' title='bbox 1036 3476 1071 3542; x_wconf 82' lang='lat' dir='ltr'><strong>cf.</strong></span> 
     </span>
     <span class='ocr_line' id='line_1_41' title="bbox 49 3545 765 3619; baseline -0.008 -17"><span class='ocrx_word' id='word_1_351' title='bbox 49 3545 146 3604; x_wconf 78' lang='lat' dir='ltr'><strong>Marc.</strong></span> <span class='ocrx_word' id='word_1_352' title='bbox 162 3549 334 3619; x_wconf 61' lang='grc'><em>1113311.</em></span> <span class='ocrx_word' id='word_1_353' title='bbox 407 3551 440 3600; x_wconf 89' lang='grc'><em>31</em></span> <span class='ocrx_word' id='word_1_354' title='bbox 456 3547 491 3614; x_wconf 72' lang='lat' dir='ltr'><strong>cf.</strong></span> <span class='ocrx_word' id='word_1_355' title='bbox 511 3550 600 3605; x_wconf 80' lang='lat' dir='ltr'><strong>Maro.</strong></span> <span class='ocrx_word' id='word_1_356' title='bbox 616 3563 646 3617; x_wconf 82' lang='lat' dir='ltr'><strong>p.</strong></span> <span class='ocrx_word' id='word_1_357' title='bbox 662 3546 765 3610; x_wconf 67' lang='grc'><em>1331.</em></span> 
     </span>
    </p>
   </div>
   <div class='ocr_carea' id='block_1_8' title="bbox 0 0 1148 3878">
    <p class='ocr_par' dir='ltr' id='par_1_11' title="bbox 0 0 1148 3878">
     <span class='ocr_line' id='line_1_42' title="bbox 0 0 1148 3878; baseline 0 0"><span class='ocrx_word' id='word_1_358' title='bbox 0 0 1148 3878; x_wconf 95' lang='lat' dir='ltr'><strong> </strong></span> 
     </span>
    </p>
   </div>
   <div class='ocr_carea' id='block_1_9' title="bbox 430 3812 505 3836">
    <p class='ocr_par' dir='ltr' id='par_1_12' title="bbox 430 3812 505 3836">
     <span class='ocr_line' id='line_1_43' title="bbox 430 3812 505 3836; baseline 0 0"><span class='ocrx_word' id='word_1_359' title='bbox 430 3812 505 3836; x_wconf 47' lang='lat' dir='ltr'><strong>‘x</strong></span> 
     </span>
    </p>
   </div>
  </div>
 </body>
</html>
