2288 3878
492 122 697 176 VINDIOIANI

126 566 181 632 (18)
195 579 262 616 nam
280 579 344 615 cum
362 561 598 643 concipiamur
661 561 716 627 (18)
725 575 792 611 nam
802 558 930 641 perfecta
938 563 1046 616 natura
1061 580 1109 618 vo·

89 637 192 688 natura
214 632 328 687 volente
352 649 386 686 ex
408 650 463 687 vm
492 632 597 704 seminp
625 628 719 683 lentis.
739 645 834 683 semen
847 629 902 683 vrri
917 648 982 684 cum
1001 633 1110 688 semine

89 707 119 759 et
132 703 258 758 mulieris
273 702 447 772 sanguinem.
468 702 597 771 quamvis
625 698 751 753 mulieris
788 700 988 756 commiscitur.
1032 705 1109 772 quod

89 775 183 845 ipsum
206 774 372 844 sanguinem
397 774 447 828 sed
470 774 544 827 unde
568 775 598 827 et
626 786 720 841 semen
752 770 878 824 mulieris
911 773 1029 842 sanguis
1064 774 1109 828 sit.

89 845 211 900 maiores
230 844 319 898 nostri
338 861 408 913 quos
431 846 514 898 natos
534 861 597 897 san·
624 840 689 894 ideo
722 841 842 895 maiores
870 842 969 898 nostri.
1004 861 1108 914 cogna-

88 916 207 987 guineos
226 917 407 969 vocaverunt.
430 915 504 968 unde
523 931 597 967 sum·
625 914 679 966 tus.
691 911 916 982 consanguineos
925 918 1106 970 vocaverunt.

87 1005 150 1041 mus
165 989 254 1040 autor.
276 985 597 1055 etyppocrasistra·
624 982 699 1036 unde
723 1000 846 1037 summus
871 986 970 1038 auctor
993 985 1108 1040 home-

89 1060 144 1112 tus
172 1056 213 1110 sic
237 1056 286 1111 ait.
319 1073 440 1128 namque
468 1072 535 1109 vero
563 1072 597 1109 ex
624 1052 696 1106 rius
711 1052 751 1106 sic
766 1053 815 1109 ait.
830 1053 925 1108 nescio
940 1071 997 1122 quo
1010 1059 1108 1110 autem

89 1127 194 1182 semine
230 1126 357 1181 mulieris
394 1130 423 1180 et
460 1125 597 1196 sanguine
625 1123 763 1194 sanguine
794 1141 844 1178 vos
880 1141 974 1179 semen
1009 1126 1106 1180 dicitis

88 1197 195 1267 glorior
212 1197 292 1252 natio
306 1214 367 1252 esse
385 1196 450 1252 scio.
471 1196 540 1265 quid
555 1196 596 1249 di·
624 1210 685 1248 esse
712 1194 847 1250 mulieris.
880 1212 945 1248 cum
971 1212 1041 1251 vero
1068 1197 1106 1251 sit

89 1271 156 1321 cant
165 1268 305 1335 quomodo
316 1284 418 1322 semen.
430 1267 597 1337 sanguinem
624 1265 740 1334 sanguis
767 1282 887 1320 russeus.
920 1265 977 1320 riri
1009 1271 1107 1323 autem

90 1337 210 1406 sumpsit
228 1355 291 1391 cum
305 1338 420 1408 sanguis
440 1338 477 1391 sit
493 1338 596 1392 blabus
624 1352 718 1389 semen
733 1336 772 1390 sit
785 1335 945 1390 candidum.
966 1341 1048 1392 certa
1061 1355 1105 1392 ra·

90 1412 119 1462 et
142 1424 237 1462 semen
260 1409 395 1462 candidus
422 1411 530 1463 certum
552 1426 595 1462 ra-
623 1405 701 1460 tione
725 1407 812 1461 doceo
840 1423 924 1475 quom
950 1408 1107 1462 admodum

89 1479 198 1533 tionem
212 1479 326 1532 docebo.
346 1496 429 1546 quem
443 1480 596 1534 admodum
623 1476 653 1529 in
671 1477 790 1532 matrice
809 1477 1009 1533 commiscitur.
1038 1481 1106 1533 dum

89 1549 120 1603 in
138 1564 216 1602 mare
242 1548 371 1602 ocianum
389 1553 432 1604 cst
454 1550 500 1605 vel
520 1551 596 1618 quod
623 1547 801 1602 interaneum
820 1548 877 1603 sint
898 1548 945 1602 vel
964 1551 1042 1617 quod
1060 1550 1106 1604 illi

88 1620 141 1674 illa
163 1621 266 1673 natura
294 1619 402 1675 tribuit.
432 1621 456 1674 si
482 1621 725 1691 quandomatura
735 1619 844 1673 tribuit.
859 1618 939 1673 velut
947 1621 1104 1690 tempestas

88 1693 290 1759 tempestates,
311 1690 478 1746 beneficium
514 1689 708 1760 iupa-'maris
741 1690 855 1758 quando
887 1689 1011 1759 impetus
1036 1708 1103 1746 ven·

87 1764 185 1816 rasset.
215 1764 245 1815 et
270 1760 465 1831 inscapulosus
493 1761 594 1816 fluctus
622 1762 716 1813 torum
741 1759 773 1813 in
800 1759 923 1829 scopulis
949 1761 1105 1816 conliditur

87 1832 366 1901 conlesusispumam
381 1849 514 1901 magnam
525 1831 595 1886 facit
623 1832 652 1885 et
675 1848 803 1899 spumam
826 1830 949 1885 candida
971 1831 1050 1888 facit.
1075 1835 1103 1887 et

86 1903 133 1959 vel
152 1919 235 1972 quem
254 1904 407 1957 admodum
427 1903 493 1957 vino
512 1903 594 1972 nigro
622 1917 706 1969 quem
720 1902 872 1955 admodum
881 1901 980 1955 vinum
989 1903 1103 1972 nigrum

85 1974 117 2028 in
131 1973 219 2045 calice
234 1975 370 2044 quoagito
385 1973 504 2027 multam
518 1973 594 2043 ispu-
622 1971 738 2025 missum
751 1971 782 2026 in
794 1971 912 2026 calicem
925 1973 1102 2043 coagitatum

1 2063 2 2074 ¹
85 2062 162 2099 mam
176 2044 328 2099 habentem
346 2044 442 2099 faciat.
463 2043 594 2098 similiter
623 2059 721 2111 spuma
740 2043 807 2097 alba
825 2042 903 2097 facit.
925 2043 968 2097 ita
987 2060 1102 2099 necesse

86 2116 226 2171 rationem
248 2118 277 2169 et
302 2114 416 2184 sanguis
436 2132 453 2168 a
472 2114 594 2168 sublima
622 2115 716 2167 estut
735 2130 830 2168 semen
851 2113 906 2168 viri
928 2113 1020 2169 faciat
1039 2132 1102 2169 cum

86 2203 213 2240 ossarum
231 2203 409 2255 repercussus
429 2185 594 2257 [i]spumam
621 2183 748 2239 mulieris
776 2183 944 2254 sanguinem
970 2185 1026 2240 hoc
1059 2189 1101 2240 est

86 2256 214 2311 albidam
236 2256 307 2310 facit
327 2272 441 2310 necesse
465 2259 508 2311 est
526 2272 593 2325 ergo
622 2271 724 2310 semen.
757 2256 832 2310 unde
864 2271 960 2310 semen
987 2256 1044 2311 viri
1073 2260 1102 2311 et

85 2329 118 2381 ut
141 2327 332 2396 concipiamus
356 2343 391 2381 ex
414 2326 468 2381 riri
488 2327 593 2381 semine
622 2325 788 2396 sanguinem
803 2325 929 2379 mulieris
944 2327 1101 2382 commisci-

86 2400 116 2451 et
133 2396 259 2451 mulieris
279 2397 423 2466 sanguine.
443 2415 509 2452 nam
525 2414 593 2466 quo·
620 2399 674 2451 tur.
703 2397 752 2450 sed
770 2413 828 2450 non
846 2396 945 2450 statim
963 2397 1102 2453 formatur

85 2466 281 2534 tienscumque
312 2467 478 2522 mulieribus
507 2485 593 2522 suave
620 2466 713 2520 infans
736 2467 767 2519 in
790 2470 878 2521 utero.
907 2467 957 2521 sed
982 2468 1102 2539 singulis

86 2536 238 2591 abentibus
262 2554 358 2591 casum
381 2537 508 2593 facimus.
533 2556 593 2592 mu·
619 2537 763 2591 mensibus
801 2538 990 2594 confirmatur.
1036 2557 1103 2594 nam

85 2607 168 2661 lieres
210 2607 234 2660 si
278 2607 457 2677 conciperent
493 2626 592 2679 greges
620 2608 751 2677 quotiens
777 2625 895 2676 cumque
923 2609 1032 2664 coitum
1059 2611 1103 2665 vir

86 2681 178 2732 etosse
198 2677 225 2751 <.
246 2680 309 2734 add,
329 2679 419 2752 corr>
438 2684 594 2749 queruntur
620 2696 685 2733 cum
693 2678 810 2733 muliere
824 2679 942 2734 faciunt.
957 2680 982 2734 si
994 2681 1101 2736 totiens

85 2749 194 2803 infante
223 2750 272 2803 sed
300 2749 435 2819 quicquid
464 2750 592 2824 ego<cs1
619 2748 750 2804 mulieres
788 2750 970 2820 conciperent
1005 2752 1102 2822 gregis

84 2821 149 2876 cdd.
169 2820 258 2893 corr.)
277 2821 395 2875 muliere
413 2821 524 2876 iscrova
541 2821 591 2876 ha·
619 2837 670 2875 nos
677 2819 831 2875 infantium
841 2824 1014 2889 sequeretur.
1023 2827 1101 2878 certo

297 2910 376 2978 aa)
602 2891 607 2981 i
814 2909 915 2978 Μ)

153 3069 176 3137 *)
191 3069 301 3124 Abhinc
310 3086 379 3138 quac
392 3074 543 3138 sequuntur
554 3069 652 3136 (Viae.
667 3086 689 3124 c.
702 3072 831 3136 18—24)
852 3069 956 3123 dasena
973 3077 1041 3125 scat
1056 3072 1102 3139 (cf.

84 3146 186 3194 tectum
196 3139 232 3206 P)
246 3140 388 3210 fuwopiai
400 3145 586 3207 eccerptorom
599 3140 765 3194 medicorum
775 3138 1100 3208 (Rose,Anecd.II,169)

84 3227 153 3280 quoe
162 3211 215 3332 {ab
225 3210 321 3334 igepffi
329 3210 527 3336 titutlczbfforolai
539 3227 571 3334 cdo
582 3217 637 3334 got.
651 3212 719 3266 med.
734 3212 842 3294 isayopc
856 3211 1025 3335 thprssjsak
1051 3213 1102 3267 'tur

79 3287 156 3406 m]
175 3296 299 3420 officiis-it
320 3298 422 3406 iiiiier
443 3298 547 3405 irituris
561 3285 896 3407 ,volgitggsggoggsmae
919 3355 948 3406 et
971 3282 1105 3407 ffiuliis'rlii

73 3422 219 3495 sanguine
232 3468 237 3479 .
251 3466 257 3478 .
269 3467 274 3479 .
287 3423 364 3492 (des.)
385 3421 483 3477 statim
501 3438 610 3476 morsus
624 3439 688 3475 cum
703 3422 841 3493 sanguine
861 3421 999 3488 sequitur.
1020 3424 1101 3494 [quo-

64 3513 133 3552 rum
159 3495 337 3570 passionum
359 3511 442 3552 curas
465 3495 495 3550 st
517 3491 692 3563 diiugentium
715 3492 891 3564 singulorum
915 3491 947 3546 in
970 3492 1101 3563 sequenti
