2288 3878
65 120 131 185 292
397 120 742 175 esnone-molioni

296 279 342 333 De
360 294 508 349 genuum
526 277 645 333 dolore
663 276 848 348 (XXXVIIII).

137 358 243 412 Bulbos
272 358 391 413 rusticos
418 357 538 427 tondes,
566 356 673 413 adicito
701 357 775 412 sales
802 356 891 412 frixos
919 361 950 414 et
976 361 1086 416 nitrum

67 437 244 492 combustum
266 437 328 507 pari
355 438 478 507 pondere
501 440 532 492 et
557 437 658 493 tritum
684 453 801 492 ovorum
826 436 969 495 albumen
1000 441 1085 505 simul

68 517 163 573 omnia
181 517 334 572 commixta
351 534 446 587 panno
465 517 583 572 inducta
600 516 737 587 impones,
755 515 815 572 alis
833 516 880 572 die
900 517 1004 575 solves.
1032 521 1084 576 hoo

40 613 53 653 s
68 596 155 652 facies
175 598 263 651 donec
281 597 399 666 incipiet
416 601 511 652 tumor
529 596 635 667 sedari,
660 613 749 667 usqne
768 597 807 652 ad
824 596 989 655 sanitatem
1022 619 1084 671 pro·

67 678 168 731 batum
190 680 241 732 est.
271 676 339 731 item
362 675 465 746 prassii
483 676 552 745 5Χ,
580 677 721 748 axungiae
744 676 848 732 veteris
866 677 932 740 Π.
965 678 1084 736 herbam

68 756 289 826 suprascriptam
312 771 415 824 coques
438 756 490 810 sub
518 757 612 812 cinere
635 757 729 812 calido
752 757 783 811 in
804 756 882 812 foliis
905 758 1022 815 malvae
1043 760 1084 814 in·

67 837 174 905 voluto,
194 839 305 891 etcum
324 835 469 890 sudaverit
486 836 570 891 tolles
589 839 619 892 et
637 837 740 891 tundes
759 854 824 892 cum
841 837 969 908 axungia
989 858 1084 910 supra

68 917 186 986 scripta,
211 920 240 971 et
267 916 354 971 addes
373 932 475 985 panem
493 932 577 984 quem
599 915 731 971 infundes
749 916 780 970 in
797 915 865 971 vino
883 918 989 988 veteri,
1012 923 1083 974 teres

28 1011 54 1050 1o
70 997 153 1051 simul
173 995 267 1051 omnia
282 999 311 1050 et
325 995 414 1050 linteo
427 995 545 1050 inducta
558 995 694 1065 impones,
713 999 744 1050 et
758 996 914 1052 sanabitur.
933 999 1084 1066 probatum

68 1079 119 1131 est.
148 1075 187 1130 fel
201 1075 344 1130 taun'num
363 1075 451 1130 linteo
466 1075 613 1130 inductum
626 1075 747 1145 impone.
772 1078 879 1131 mersus
894 1077 976 1132 canis
990 1079 1085 1133 album

69 1174 133 1211 cum
152 1154 215 1209 oleo
233 1172 313 1210 roseo
328 1156 448 1225 impone.
477 1158 583 1209 stercus
597 1155 753 1210 humanum
766 1155 872 1210 siccum
886 1156 974 1213 melle
988 1159 1085 1214 tritum

69 1234 216 1303 imponito.
246 1237 340 1288 rutam
365 1234 486 1289 viridem
508 1252 572 1289 cum
595 1234 652 1289 alio
675 1237 705 1289 et
728 1234 787 1290 sade
813 1238 843 1290 et
864 1236 960 1292 mellis
983 1239 1084 1308 pusillo

67 1313 166 1367 tritam
189 1330 283 1382 panno
311 1313 458 1369 inductam
480 1314 605 1384 impone,
638 1313 738 1369 statim
765 1316 856 1370 sanat.
890 1314 931 1370 fel
960 1317 1086 1372 ursinum

29 1407 55 1447 15
69 1409 133 1445 cum
160 1392 245 1460 adipe
275 1394 392 1465 scrofino
420 1397 480 1448 tere
503 1396 533 1448 et
555 1393 676 1463 impone.
702 1394 758 1448 hoc
786 1396 815 1448 et
834 1392 916 1467 (ad)
938 1395 1084 1452 cicanices

67 1469 146 1524 facit.
172 1470 294 1526 hederae
313 1473 449 1527 bacarum
466 1472 617 1544 heminam,
636 1474 704 1528 ficus
723 1472 816 1528 siccae
833 1472 940 1529 libram
952 1476 981 1545 1,
1001 1493 1085 1531 axun-

67 1548 132 1619 giae
156 1547 260 1682 libram
273 1551 293 1605 1.
323 1569 387 1606 cum
408 1550 475 1606 vino
501 1553 591 1608 veteri
614 1556 733 1608 contusa
756 1556 786 1608 et
808 1552 927 1609 linteolo
950 1555 1085 1626 imposita

70 1645 160 1682 sanan
174 1673 179 1683 .

68 1736 118 1790 Ad
136 1734 272 1790 varices
292 1736 365 1790 sine
383 1735 475 1790 ferro
499 1738 670 1793 curandas
694 1741 728 1794 et
750 1739 1010 1796 malandriosos
1028 1743 1084 1812 qui

30 1832 56 1871 ao
189 1833 249 1886 per
267 1816 377 1870 tibias
397 1818 431 1870 et
449 1832 571 1887 corpus
590 1817 709 1874 ulcera
727 1819 864 1875 faciunt
882 1821 960 1891 (XL).

140 1897 227 1968 (Ad)
250 1896 359 1951 varices
382 1895 437 1950 viri
460 1912 509 1950 seu
534 1896 659 1951 mulieris
688 1897 832 1967 gravidae.
861 1898 943 1952 bovis
966 1899 1085 1955 masculi

68 1976 164 2030 fimum
188 1975 314 2030 calidum
337 1993 401 2029 cum
424 1979 505 2030 aceto
524 1975 660 2031 acerrimo
678 1979 766 2046 teres,
790 1980 820 2031 et
837 1977 868 2031 in
884 1976 990 2033 balneo
1008 1980 1084 2050 prius

68 2055 215 2110 inductum
234 2059 301 2110 tunc
320 2055 438 2110 linteolo
458 2054 582 2109 calidum
596 2055 731 2124 impones.
751 2055 801 2110 sed
819 2055 888 2110 luna
907 2056 1085 2113 decrescente

69 2135 169 2205 facies,
198 2139 227 2190 et
255 2136 325 2190 haec
349 2135 436 2190 verba
460 2134 536 2189 dices
559 2135 704 2200 Quomodo
729 2152 834 2190 cornua
856 2134 938 2189 bovis
966 2138 1085 2193 masculi

30 2231 55 2271 as
70 2216 146 2272 sicca
174 2219 240 2271 sunt
267 2219 296 2270 et
319 2215 430 2283 stricta,
456 2214 495 2268 sic
518 2217 547 2268 et
570 2215 616 2269 cui
639 2215 683 2283 fit,
712 2213 756 2268 illi
783 2214 854 2270 Gaio
874 2213 952 2284 Seio,
976 2217 1084 2272 varices

70 2296 161 2351 siccae
180 2298 209 2350 et
229 2295 343 2350 strictae
363 2295 427 2349 sint.
456 2293 570 2364 adipem
584 2293 745 2349 anserinum
760 2312 824 2348 cum
842 2310 906 2349 cera
919 2294 1021 2350 tritum
1035 2297 1085 2351 im·

68 2375 174 2444 ponito,
195 2375 309 2430 sanasti.

142 2453 400 2508 Malandriosis.
439 2452 490 2507 alii
510 2453 619 2508 decocti
638 2470 713 2522 aqua
733 2470 814 2507 crura
833 2453 961 2508 ulcerosa
980 2454 1086 2511 fomen-

681 2565 695 2593 0

142 2605 208 2657 lia
227 2604 285 2658 iad.
306 2605 321 2657 b
340 2603 535 2658 cXXXVIIII.
620 2603 698 2659 init
716 2602 793 2659 colim
812 2606 836 2660 b.
917 2605 1001 2660 salt
1020 2609 1084 2676 b(f.

71 2674 101 2729 in
120 2690 163 2729 ov.
183 2673 345 2743 albuminc).
418 2675 601 2731 odonechb.
692 2676 804 2750 μῦ.
867 2680 981 2744 Mete.)
998 2677 1086 2740 X3b

72 2747 134 2816 (qai
150 2745 216 2800 solet
234 2747 312 2816 sicae
330 2761 473 2799 numeram
492 2750 673 2815 anteponere).
757 2747 845 2802 herba
863 2751 891 2804 s‘s
911 2748 934 2802 b.
1010 2754 1025 2802 7
1045 2748 1086 2802 in-

70 2816 169 2871 voluti
185 2818 208 2871 b.
255 2821 379 2870 91v1n1'1
393 2819 486 2870 vetem
500 2820 524 2872 b.
577 2819 616 2870 tis
631 2819 654 2873 b.
706 2823 739 2871 13
750 2818 819 2873 allio
829 2821 852 2873 b.
898 2817 1085 2887 pusillsitritfi

73 2887 231 2942 ...inducta
250 2890 275 2942 b.
338 2892 371 2940 15
381 2887 419 2940 ad
427 2904 478 2943 om.
490 2890 512 2943 b.
562 2893 595 2942 16
605 2886 673 2942 Ed'e
683 2889 786 2944 baccas
796 2888 897 2946 emina.
912 2889 981 2943 ficus
996 2890 1086 2945 siccas

71 2976 121 3030 lib.
135 2977 156 3030 Ι.
177 2977 299 3049 axungip
317 2976 366 3031 lio.
386 2977 410 3031 b.
484 2982 516 3029 17
535 2975 642 3046 iposita
661 2965 727 3031 saiit
745 2979 785 3034 sic
803 2980 827 3035 b.
888 2984 921 3032 20
939 2979 979 3034 sic
998 2980 1022 3048 b,
1041 2981 1088 3035 sed

71 3046 175 3100 XXXX
193 3048 235 3102 De
254 3046 377 3103 verrucis
396 3047 555 3116 (veracibus
574 3065 598 3116 c,
616 3047 718 3102 varicis
737 3051 762 3118 r)
781 3048 842 3103 sine
860 3049 934 3104 ferro
953 3050 1086 3104 curandis

71 3120 130 3172 iad.
146 3120 161 3173 b
180 3120 242 3189 (cr).
298 3118 352 3184 Qui
370 3134 421 3187 per
434 3117 522 3172 tibias
537 3121 566 3173 et
580 3135 680 3188 corpus
695 3118 790 3174 ulcera
804 3119 913 3174 faciunt
927 3121 1003 3176 rubr.
1022 3123 1086 3176 add.

73 3191 1086 3262 (catctit)iatextabet(1)osttit.)iaiad.c,om.(iad.)r.[sine

72 3259 159 3314 ferro:
174 3261 208 3327 cf.
220 3261 311 3317 Marc.
323 3279 352 3330 p.
364 3264 426 3327 349,
441 3261 496 3332 12].
548 3265 578 3314 21
596 3259 784 3325 Varices(om.
801 3262 850 3330 ad)
862 3265 904 3319 bc.
959 3267 994 3315 22
1008 3265 1048 3316 tis
1062 3264 1085 3318 b.

72 3336 107 3385 23
125 3330 225 3385 iductii
244 3334 267 3386 b.
358 3328 441 3384 calid’
462 3334 485 3386 b.
577 3335 610 3383 25
629 3330 715 3384 tricia
734 3333 757 3385 b.
845 3338 879 3387 26
898 3331 1042 3387 asinerinfi
1062 3335 1085 3388 b.

73 3407 107 3456 28
125 3401 326 3456 Malandriosis
344 3404 418 3458 iata.
438 3404 501 3458 odd.
521 3419 543 3471 c,
562 3402 634 3472 quod
648 3405 745 3470 (cocao
763 3404 853 3472 spatio
871 3405 976 3471 relicto)
996 3420 1045 3459 cia.
1062 3405 1085 3459 b.

74 3473 164 3544 (A)llii
185 3476 236 3544 (sic
254 3475 351 3544 incip.)
370 3474 395 3541 b,
414 3471 483 3527 Allii
501 3490 522 3530 c.

427 3758 495 3792 Χ
