2288 3878
54 118 120 183 468
460 66 667 171 wunrcmu

55 276 165 330 fistulas
193 276 257 346 plus
285 274 417 330 habendo
445 276 519 330 unde
545 275 707 331 intellectus
730 275 812 329 nobis
843 277 975 346 advenit,
1005 280 1082 335 visus

55 356 171 411 auditus
192 356 326 410 odoratus
346 358 375 409 et
392 358 499 425 gustus.
519 357 583 410 tota
601 355 677 410 enim
694 372 766 425 pene
785 373 877 411 vacua
897 361 976 427 sunt,
997 377 1082 414 vacu-

56 439 148 490 etates
172 435 286 490 cerebro
315 434 471 505 replentur,
502 435 578 504 quod
605 435 764 505 protegitur
793 437 971 493 membrano.
1003 440 1083 495 cuius

56 516 213 571 membrani
232 515 342 569 radices
357 532 391 569 ex
405 515 494 585 ipsius
513 516 622 570 cerebri
636 533 736 585 corpus
750 515 910 586 incipiunt..
931 521 1083 574 cerebrum

29 601 153 652 sautem
172 614 281 667 semper
301 595 344 650 sui
363 613 540 651 commovens
560 612 680 665 sensum,
699 594 821 664 ideoque
841 596 927 652 salire
946 615 1008 653 non
1024 617 1083 655 ces-

58 681 109 731 sat.
134 678 213 732 cuius
237 680 330 730 motus
355 677 378 729 si
402 676 526 731 crebrior
547 675 642 744 fuerit,
671 675 812 730 insaniam
841 675 915 731 solet
943 679 1083 735 excitare.

57 759 131 811 unde
152 757 270 811 dicimus
290 773 337 811 eos
357 756 502 810 cerebrum
520 755 625 810 habere
645 758 759 809 motum.

412 897 472 950 1111.
499 896 546 951 De
565 896 715 966 capillis.

129 987 232 1058 Capilli
260 989 324 1040 nost
325 985 349 1039 ιι
377 1003 434 1039 non
464 985 555 1039 solum
582 987 697 1054 propter
729 987 873 1054 ornatum,
907 986 960 1040 sed
995 988 1132 1052 etiams

18 1078 43 1117 10
57 1070 173 1136 propter
191 1065 377 1120 munitionem
396 1064 503 1119 cerebri
522 1064 591 1118 facti
611 1067 684 1119 sunt.
704 1063 771 1118 huic
788 1064 914 1119 calvarie
929 1066 1132 1123 subiacent.e

57 1148 268 1215 temporaque
288 1145 468 1199 continentur
486 1143 663 1212 spiritalibus
682 1144 762 1198 venis
782 1144 897 1199 cerebri.
918 1145 1025 1202 dextra
1044 1148 1132 1204 lec

57 1242 149 1292 saque
169 1242 278 1294 semper
296 1227 451 1279 moventur.
470 1223 571 1292 hisque
592 1223 769 1293 superposita
789 1226 855 1278 sunt
874 1223 951 1280 cilia.
1094 1156 1132 1290 l

447 1366 479 1420 V.
499 1365 688 1419 De-oculis.

130 1453 252 1507 Rursum
276 1470 310 1507 ex
333 1454 432 1508 eodem
455 1453 563 1509 cerebri
586 1454 750 1509 membrano
779 1454 859 1509 velut
886 1455 984 1512 fistule
1010 1458 1085 1514 duae

20 1544 45 1584 15
60 1531 228 1587 transversis
243 1532 374 1601 partibus
389 1533 605 1588 commiscentur
619 1532 657 1586 ad
673 1532 769 1588 sedem
781 1532 930 1603 luminum,
950 1535 1003 1590 ubi
1018 1554 1086 1592 con-

59 1613 215 1681 iunguntur
240 1612 315 1666 oculi
338 1613 387 1680 qui
411 1613 591 1668 continentur
614 1630 678 1667 cum
702 1613 792 1667 domo.
822 1629 857 1667 ex
880 1631 950 1669 vase
973 1618 1086 1672 cerebri

59 1695 113 1747 hoc
132 1695 198 1747 sunt
221 1692 328 1747 ventris
348 1693 464 1747 cerbelli
484 1695 539 1747 duo
555 1691 693 1747 foramina
712 1691 848 1761 oriuntur,
873 1709 924 1762 per
939 1711 1012 1762 quas
1028 1696 1085 1751 sin·
1116 1715 1133 1769 a

61 1774 127 1844 gule
146 1773 256 1828 radices
276 1772 440 1827 tenuissime
459 1790 530 1843 pene
550 1773 585 1827 de
598 1775 680 1842 parte
696 1771 795 1826 dextra
813 1771 844 1826 in
863 1771 982 1829 sinistra
1001 1777 1085 1831 etde
1116 1781 1133 1819 ⁹

61 1853 177 1909 sinistra
195 1854 225 1907 in
247 1855 346 1908 dextra
364 1852 445 1907 bulbi
465 1853 610 1907 oculorum
623 1851 811 1907 continentur.
831 1868 953 1920 quorum
971 1855 1084 1911 radices

20 1943 46 1983 ιο
61 1933 91 1988 in
114 1935 228 1990 cerebro
259 1933 450 2004 conligantur,
479 1936 511 1987 ut
535 1932 559 1986 si
583 1933 697 1987 cereber
722 1934 842 1987 vexatur
866 1932 943 1986 oculi
970 1940 1083 2005 egrota-

60 2015 139 2071 bunt.
159 2015 267 2069 habent
281 2018 376 2069 autem
394 2013 424 2066 in
443 2030 506 2067 osso
520 2013 582 2082 ipso
597 2029 721 2067 concavo
740 2011 790 2066 ubi
808 2014 954 2081 ponuntur
972 2014 1084 2071 fistolae

61 2098 118 2149 tres
141 2098 295 2164 pegerante
319 2098 347 2148 et
370 2092 565 2162 rizoptalmon.
594 2096 659 2146 sunt
684 2095 779 2147 autem
802 2091 833 2146 in
852 2092 942 2147 oculis
961 2111 1083 2166 mappas

61 2174 107 2228 vel
126 2174 236 2229 tonicae
260 2178 392 2243 quatuor,
417 2173 493 2241 quod
511 2171 587 2241 greci
607 2172 736 2227 chitonas
760 2175 872 2227 vocant.
897 2172 991 2242 prima
1010 2175 1083 2230 cira-
1114 2193 1131 2248 fl

61 2252 149 2306 toidis
168 2257 197 2306 et
216 2253 404 2307 cristalloides
424 2256 453 2306 et
471 2252 619 2320 mercides,
640 2252 762 2306 secunda
782 2252 967 2322 aragnoides,
995 2256 1083 2310 tertia
1114 2260 1131 2296 Ρ

22 2339 47 2380 25
62 2330 190 2386 haloides
210 2331 255 2384 vel
274 2331 411 2402 fagoides,
431 2335 534 2400 quarta
548 2332 700 2386 metroides
715 2331 761 2385 vel
776 2330 916 2400 trizepies.
937 2333 968 2386 hi
982 2334 1082 2390 multis

133 2498 325 2579 3mimbrano
341 2501 372 2553 P.
446 2499 633 2555 ιιιιιιιιιιιιιι
647 2502 679 2556 P.
753 2499 884 2554 tsallire
899 2501 932 2555 P.
991 2509 1083 2558 bore-

61 2569 138 2623 brior
157 2571 194 2623 P:
214 2569 324 2638 crepior
347 2571 378 2638 U,
398 2570 507 2639 crepius
528 2571 560 2625 G.
661 2570 729 2626 solit
747 2571 780 2626 P
881 2576 1023 2629 tornatu
1047 2576 1080 2644 U,

63 2643 144 2694 -tus
165 2641 197 2695 G.
274 2646 307 2694 10
325 2614 411 2693 ιιιιιιιο
436 2641 466 2695 U.
541 2648 573 2694 11
594 2642 702 2715 q.ueG
777 2645 964 2699 contenentur
983 2645 1017 2699 P.

65 2718 97 2766 12
116 2711 160 2765 his
180 2728 234 2780 que
259 2712 289 2766 U:
310 2711 356 2764 hic
375 2710 424 2778 qui
444 2712 476 2780 P,
496 2711 540 2766 his
561 2714 663 2782 quibus
684 2713 718 2767 G.
781 2719 815 2767 14
834 2714 940 2767 Rursus
965 2715 1025 2770 UG.

63 2785 189 2839 membra
211 2783 243 2838 G.
334 2756 482 2855 fistuleG.
561 2732 646 2838 qduce
665 2785 697 2853 P,
714 2784 772 2866 'due
797 2784 856 2839 UG.
961 2790 994 2839 15
1014 2803 1082 2840 con-

62 2856 216 2911 miscentur
235 2857 267 2910 P.
342 2861 375 2908 16
395 2841 580 2909 contenentur
598 2856 635 2911 P.
658 2854 867 2924 coniunguntur
885 2859 915 2911 et
933 2856 1083 2939 continen-

63 2929 109 2980 tur
133 2929 196 2984 UG.
276 2945 340 2981 cum
358 2929 459 3008 (euml)
479 2926 561 2981 domo
581 2927 618 2982 P:
638 2943 702 2980 curn
722 2927 806 2981 dumo
830 2926 894 2982 UG.
970 2932 1003 2981 17
1023 2928 1082 2984 sin-

63 2997 124 3066 guli
148 3000 175 3054 U
179 2999 212 3055 G
270 3005 303 3054 18
322 2998 491 3053 tenuisseme
510 2998 542 3052 P.
616 2996 737 3053 sinestra
756 2998 788 3052 P.
849 3003 883 3052 19
903 3000 1032 3054 senestra
1047 3001 1081 3056 P.

118 3069 235 3123 dextera
252 3072 323 3139 (bic)
344 3071 376 3123 P.
451 3075 484 3122 19
504 3067 585 3122 dulbi
608 3069 638 3123 U.
712 3071 900 3150 conterentur
918 3069 951 3125 P
1011 3088 1083 3138 quo-

62 3155 125 3191 rum
148 3139 175 3193 U
178 3140 215 3193 G
236 3156 332 3195 eorum
351 3141 382 3195 P.
456 3146 490 3195 20
509 3139 680 3209 colligantur
696 3139 729 3194 G
785 3146 818 3194 22
838 3139 895 3194 rizo
896 3140 1083 3210 ptalmonP.

62 3208 235 3276 izoptalmon
255 3210 525 3281 U,'1ropt.almonG
600 3209 695 3265 oculos
710 3211 775 3266 PU.
850 3217 884 3264 23
903 3213 1026 3279 quatuor
1041 3214 1081 3271 Ρ·

63 3279 123 3334 ΙΠΙ.
148 3279 210 3333 UG.
279 3231 367 3334 ehitp
341 3285 423 3336 tonas
447 3283 478 3338 U.
564 3279 710 3335 ciratoidis
735 3282 803 3337 UG:
823 3281 952 3336 cistoidis
972 3282 1005 3338 P.

63 3355 97 3403 24
117 3349 170 3403 cris
172 3349 250 3404 tal.lo
271 3350 354 3410 id:
320 3352 414 3421 (id
433 3356 476 3408 est
499 3354 537 3422 U)
556 3351 579 3405 do
596 3351 736 3406 mercides
756 3353 827 3422 PU,
851 3352 1027 3410 cristalloide
1051 3361 1082 3412 et

62 3420 214 3475 merorides
236 3421 269 3475 G.
326 3438 439 3502 aragno.
459 3424 490 3478 id
509 3426 552 3478 est
571 3423 605 3480 P.
653 3423 797 3479 terciaG.
853 3429 887 3478 25
906 3422 1028 3487 faloides
1045 3429 1081 3485 G.

62 3479 268 3546 mettoidesG
341 3491 472 3564 trisepies
496 3494 560 3551 UG.

17 3694 217 3807 N„
