2288 3878
90 155 156 222 211
405 155 595 210 neronom
611 153 790 207 emscnnr

91 343 167 403 quae
192 324 268 384 iorte
296 325 416 387 inventa
443 323 532 385 suerit
558 322 590 380 in
616 322 712 398 eapite
739 336 899 380 aeneorum
929 324 1102 380 statuarum.

91 431 160 473 nam
175 421 215 476 et
241 412 384 493 reliquias
410 402 494 473 bovis
520 410 649 488 potantis
678 411 704 468 si
732 410 800 487 quis
831 405 942 468 biberit
968 407 1102 469 molestia

93 504 200 582 capitis
231 501 418 564 relevabitur.
464 515 566 577 spuma
598 514 668 557 vero
707 498 772 558 eius
808 496 899 556 fronti
932 493 1009 557 illita
1041 496 1102 577 lege

92 592 256 653 secretiore
279 598 400 652 naturae
427 603 530 665 graves
557 585 780 664 inquietudines
807 586 913 664 eapitis
936 585 1031 647 sedat.
1077 593 1103 646 et

65 682 224 741 tcornicis
256 677 411 741 cerebrum
443 691 561 753 quoquo
593 673 666 734 libet
697 692 807 753 genere
834 681 989 752 acceptum
1023 677 1102 754 paria

93 769 172 830 iacit
209 766 346 830 similiter
363 765 452 824 etiam
474 765 569 823 muris
588 761 711 824 cerebro
731 770 862 825 comesto
880 770 988 823 natura
1012 765 1102 825 omni·

92 862 217 935 parens'
237 870 375 933 magnum
411 851 576 912 remedium
618 859 706 930 caput
742 850 910 912 dolentibus
948 848 1103 931 praestitit.

56 1005 58 1015 ,
93 944 355 1022 ferulaequoque
387 939 559 1002 combustae
591 942 668 1001 einis
701 939 765 1000 oleo
798 942 908 1001 mixtus
942 941 1036 1001 fronti
1061 939 1104 1002 vel

94 1035 185 1112 capiti
207 1030 300 1092 illitus
322 1029 545 1107 inquietudines
567 1031 673 1108 eapitis
696 1047 784 1108 saepe
808 1029 930 1090 sedavit.
977 1037 1104 1090 attamen

56 1135 80 1175 ro
94 1123 184 1183 etiam
212 1119 249 1180 de
276 1116 401 1179 vulturis
428 1111 552 1178 'cerebro
585 1120 677 1178 mixto
710 1117 774 1178 oleo
806 1125 986 1197 perunctum
1020 1126 1106 1198 eaput

93 1208 280 1288 frequentius
298 1204 455 1267 liberatum
470 1216 524 1267 est.
557 1225 574 1266 o
594 1215 737 1286 quantum
755 1204 878 1267 natur‘ae
897 1209 1106 1287 venerationis,

92 1314 162 1356 oum
184 1302 337 1374 magnetes
359 1293 435 1374 lapis
459 1296 594 1357 admotus
618 1297 708 1374 capiti
735 1314 771 1356 ex
803 1294 957 1356 altitudine
981 1294 1106 1357 latentes

90 1381 214 1443 morbos
233 1385 356 1464 eripuit,
383 1391 414 1444 et
441 1384 530 1446 nidus
557 1385 750 1446 hirundinum
773 1402 840 1445 mox
865 1385 1021 1462 expositus
1045 1403 1105 1445 om-

91 1471 140 1530 nis
165 1489 236 1532 oum
257 1480 340 1533 aceto
364 1475 511 1534 contritus
535 1474 626 1533 ironti
648 1472 742 1533 illitus
764 1490 819 1552 par
836 1472 1018 1534 beneficium
1040 1491 1105 1553 pro-

56 1569 80 1611 1⁶
94 1561 233 1621 curavit,
1062 1598 1065 1603 -

182 1646 256 1709 haee
284 1649 375 1730 iysiea
399 1649 531 1711 remedia
555 1650 691 1711 sufficere
715 1647 844 1710 arbitror
867 1658 956 1728 caput
982 1650 1106 1719 dolenti·

91 1733 159 1797 bus.
184 1736 292 1800 exhino
316 1741 404 1800 etiam
427 1739 464 1800 de
488 1739 686 1819 epilemptieis
710 1736 920 1800 ordinabimus.

165 1929 180 1978 1
191 1928 226 1994 ef.
237 1925 283 1982 Ps.
290 1927 365 1983 Plio.
377 1930 437 1984 ared
446 1934 472 1997 1,
486 1933 502 1983 1
515 1933 560 1995 (ex
569 1928 667 1995 ΡΜ,
680 1930 756 1998 170),
767 1927 889 1996 marna
904 1929 950 1998 35,
963 1932 991 1983 1.
1047 1928 1106 1996 def.

91 1993 224 2052 Panum
237 1999 254 2052 i.
264 2015 286 2054 e.
298 2003 343 2067 (ex
353 2000 399 2054 Pl.
409 2003 456 2064 26,
467 2000 732 2070 annumerasse
744 2005 779 2064 (v.
794 2003 829 2053 11
839 1999 913 2066 inf).
958 2004 975 2054 3
986 1999 1107 2072 spu<ma

92 2064 225 2141 -illita>
243 2071 275 2124 in
292 2087 347 2127 rae.
366 2070 401 2125 B.
475 2074 491 2122 b
510 2068 641 2124 cornicis:
660 2069 694 2136 ef.
709 2069 799 2125 Mare.
815 2087 845 2139 Ρ.
860 2073 904 2137 36,
918 2073 965 2126 12.
1040 2085 1106 2139 quo·

90 2153 148 2206 quo
166 2136 239 2193 libet
256 2141 297 2196 B:
317 2140 445 2210 quolibet
463 2140 533 2195 Neu.
550 2142 594 2208 (es.
614 2141 693 2206 infra
711 2157 823 2209 quoquo
841 2142 943 2210 paeto).
1033 2144 1049 2193 8
1068 2141 1106 2195 fe-

90 2206 172 2263 rulae
190 2217 237 2266 ete.
256 2214 396 2282 sequentia
415 2211 519 2266 Gelono
541 2213 624 2266 veteri
647 2211 734 2266 latino
754 2215 814 2282 (qui
832 2213 864 2266 de
885 2213 1009 2279 febribus
1027 2213 1106 2282 noluo

90 2280 265 2350 inscribitur)
283 2285 382 2338 addita
404 2283 469 2363 ἱερεῖ
488 2282 639 2352 Garipotus
652 2284 704 2350 11,
718 2287 761 2337 14.
790 2289 819 2338 ai
844 2299 900 2338 noo
921 2283 1060 2339 habentur
1076 2285 1105 2337 ab

93 2349 156 2407 eat.
176 2354 234 2408 eod.
254 2353 334 2410 Laid.
391 2352 680 2424 sn1i<tus>tnran
700 2353 735 2408 B.
801 2351 925 2407 sedarit:
945 2353 1107 2409 sedababB

91 2420 193 2492 (Neu).
320 2426 459 2479 ettamen:
477 2426 589 2478 tantum
603 2426 662 2494 (sio)
675 2424 704 2477 B
718 2425 813 2492 (fuerit
829 2425 887 2479 seii.
907 2424 995 2479 sedai
1015 2428 1106 2494 stiffi).

90 2496 258 2563 deierantes.
278 2495 367 2550 Mare.
383 2512 413 2564 p.
428 2498 530 2562 30314.
640 2501 672 2549 11
691 2496 810 2551 vulturis
827 2495 933 2551 cerebro
954 2491 1107 2568 barenas

90 2564 235 2636 subinnuit
252 2566 329 2622 bueo:
350 2564 465 2636 sanguis
484 2564 557 2619 esini
576 2581 639 2618 eum
654 2581 719 2621 aueo
733 2565 837 2620 herbae
852 2565 1022 2622 cocodrilleo
1037 2570 1106 2639 (ero-

92 2633 232 2690 'eodileom
250 2637 472 2700 diutinasti,
488 2639 552 2706 108)
569 2636 734 2691 commixtus
754 2639 783 2691 eb
800 2636 910 2690 infusus
929 2637 1019 2707 capiti
1036 2639 1108 2694 mire

92 2704 231 2762 subvenit.
304 2705 492 2761 venerationis
519 2706 648 2778 debetur]
667 2709 730 2763 add.
749 2708 821 2764 Neu.
894 2711 1106 2780 120i1(sic)B:

92 2774 167 2833 Nem
184 2778 256 2834 Neo.
329 2780 474 2847 magnetes
536 2781 585 2847 (eie
602 2785 627 2834 ei
645 2779 735 2834 Mate.
750 2797 780 2849 p.
796 2784 841 2847 36,
856 2784 884 2834 1:
904 2795 1022 2850 magnes
1033 2781 1106 2836 Neu.

93 2848 135 2921 (de
152 2856 275 2921 nannete
293 2865 342 2904 out.
365 2850 452 2918 Gan).
517 2855 549 2904 13
569 2848 666 2906 nidus:
685 2848 760 2904 nidis
778 2850 806 2904 B
821 2850 920 2919 (Neu).
976 2850 1127 2906 omnisB.

93 2923 137 2993 (ee.
156 2937 218 2975 eom
236 2920 341 2990 lapillis
355 2921 387 2975 de
401 2920 634 2991 obdormirent.
645 2925 690 2988 36,
701 2925 741 2990 9):
761 2922 927 2990 etqueNen.
984 2927 1018 2975 14
1029 2922 1105 2977 fron-

92 2990 195 3063 tique]
214 2993 279 3046 odd:
298 2991 368 3047 Neu.
456 2997 489 3046 16
507 2992 577 3046 haee
595 2991 713 3062 physion
732 2990 822 3047 dolori
841 2991 942 3061 capitis
961 2993 1107 3048 sufficiant

94 3063 132 3124 aie
147 3061 213 3117 Gar.
229 3061 377 3132 (fisieaB).
482 3067 514 3115 17
534 3062 645 3118 exhinc:
665 3063 688 3116 b
706 3062 772 3117 hine
790 3064 932 3132 B(Neu.).·
1031 3065 1105 3118 ordi·

69 3191 74 3201 ,
95 3131 236 3195 nubimus:
257 3133 382 3188 -vimus
401 3135 428 3187 B
447 3133 538 3203 (Neo,
558 3138 606 3206 qui
624 3136 687 3189 odd.
708 3135 848 3202 quaedam
865 3133 941 3202 ord).
