2288 3878
92 186 135 251 62
264 112 286 161 ⁸
400 186 590 240 aaronem
607 186 789 241 rmscmru

92 340 220 413 contrito
239 355 270 413 in
289 351 410 413 linteolo
430 351 562 412 adhibito
581 369 685 412 omnes
703 351 924 414 vulnerationes
940 358 1116 417 exustione

92 443 245 502 uenientes
270 441 386 502 facilius
409 439 644 520 percurabimus.
690 443 734 502 sie
756 443 846 502 etiam
870 449 987 504 stercus
1010 447 1113 506 ovium

92 538 176 591 curat
198 533 353 591 incensum
378 529 516 590 similiter
539 546 607 590 eum
630 532 776 590 cerotario
798 532 934 592 mixtum.
976 540 1008 592 et
1028 537 1115 594 canis

92 621 198 698 capitis
217 637 284 679 ossa
303 622 424 679 incensa
443 624 473 678 et
492 635 611 696 aspersa
630 617 710 678 idem
729 625 898 698 operantur.
932 621 976 681 sic
996 620 1114 683 coclea-

64 722 159 768 srum
183 710 371 768 incensarum
395 709 471 767 cinis
493 703 656 784 <aspersus
679 706 833 768 combusta
853 716 939 768 sanat
956 726 1015 770 nec
1034 713 1113 772 eica-

91 799 183 857 trices
205 814 310 875 parere
335 792 434 875 lacit>.
480 793 642 874 liquamine
666 798 752 856 suino
776 803 843 875 post
870 798 1024 858 ustionem
1051 799 1113 860 ire·

92 892 217 963 quanter
245 883 308 944 loca
331 890 397 943 usta
424 882 521 944 lavare
545 886 710 945 conveniet.
756 891 786 944 et
810 903 988 946 cancrorum
1011 886 1112 948 tlumi·

91 972 202 1034 nalium
230 975 421 1033 incensorum
449 974 525 1031 cinis
553 990 620 1032 cum
649 971 714 1033 oleo
742 981 834 1034 curat.
881 975 926 1034 sic
953 982 986 1035 et
1012 983 1111 1036 tostae

91 1062 263 1123 cucurbitae
292 1063 367 1121 cinis
396 1078 463 1121 cum
491 1059 556 1120 oleo
584 1060 750 1142 adhibetur,
779 1068 809 1121 et
835 1060 996 1124 lenticulae
1020 1068 1109 1124 semi-

52 1165 77 1204 10
92 1159 192 1212 coctae
222 1169 257 1211 ex
290 1168 365 1230 aqua
392 1149 468 1209 bene
497 1151 641 1209 contritae
669 1168 724 1228 pro
752 1149 961 1229 cataplasmate
990 1170 1110 1232 compe·

88 1242 199 1300 tentius
223 1239 409 1300 adhibentur.

38 1429 79 1493 61
394 1431 455 1492 XX.
492 1430 538 1492 De
562 1431 802 1493 carbunculis.

179 1537 364 1599 Generaliter
377 1538 425 1598 his
437 1537 576 1598 omnibus
590 1556 645 1616 per
659 1540 743 1598 initia
757 1537 917 1600 llebotomo
928 1540 1106 1603 subvenien-

90 1626 160 1686 dum
180 1634 233 1687 est.
272 1626 440 1705 specialiter
459 1646 528 1688 vero
548 1627 621 1686 locis
641 1628 946 1707 superimponendum
965 1638 1012 1690 est
1031 1638 1106 1693 eata-

52 1726 76 1768 11
90 1714 202 1794 plasma
225 1716 261 1776 de
286 1715 457 1793 arnoglosso
482 1723 512 1775 et
533 1733 609 1793 pane
629 1715 739 1775 mundo
759 1723 789 1776 et
807 1715 949 1778 lenticula
968 1727 1052 1780 cocta
1070 1738 1107 1780 ex

90 1822 172 1882 aqua.
224 1804 397 1865 vulneribus
429 1822 499 1864 vero
532 1805 610 1863 acria
648 1811 678 1864 et
714 1804 853 1865 calidiora
891 1807 1107 1869 medicamenta

90 1893 271 1975 ordinamus,
294 1901 327 1954 ut
350 1900 396 1953 est
419 1891 588 1952 Andronius
611 1894 758 1953 trociscus
781 1900 832 1954 aut
855 1893 993 1978 Polyido,
1018 1896 1109 1958 soluti

87 2145 173 2208 ipone
187 2138 251 2261 lbc):
272 2134 317 2260 sict
331 2136 363 2257 att
378 2132 571 2257 cppumborum
590 2135 713 2188 stercora
731 2134 871 2189 comburis
891 2136 921 2190 et
938 2135 970 2189 111
987 2135 1107 2192 linteolo

88 2221 379 2262 cumoeoconnrs
425 2247 430 2257 .

159 2287 173 2333 1
198 2295 294 2332 omnes
310 2321 315 2332 .
333 2321 337 2331 .
354 2320 359 2330 .
374 2273 585 2345 percurabimus
609 2277 814 2345 (percurramus
832 2278 859 2345 b)
879 2276 979 2333 odera
1009 2295 1107 2333 omnes

88 2349 246 2405 exustiones
274 2347 419 2405 venientes
442 2345 653 2415 percurabimus
672 2346 712 2414 B,
742 2362 837 2401 omnes
861 2363 896 2402 ex
922 2346 1037 2403 ustione
1059 2365 1106 2404 ve-

87 2419 196 2473 nientes
215 2419 328 2473 facilius
346 2416 558 2488 procurabimus
578 2434 599 2471 c.
707 2423 722 2470 2
741 2421 881 2486 sequentia
899 2421 995 2474 onmia
1013 2423 1107 2492 (usque

87 2492 125 2544 ad
142 2492 190 2557 fis.
209 2493 279 2570 cap.)
298 2508 347 2544 orn.
368 2490 403 2544 B.
521 2487 717 2541 sic-mixtum
735 2491 794 2557 (ubi
812 2495 903 2545 tamea
921 2489 1040 2545 incensa
1056 2492 1105 2546 lra-

87 2561 139 2628 bet)
157 2560 227 2614 Get:
253 2576 277 2612 s1
300 2563 333 2614 st.
353 2576 396 2614 ov.
416 2559 561 2613 incensum
584 2576 648 2612 cum
671 2574 693 2613 c.
714 2558 835 2613 mixtum
863 2560 1052 2616 adhibeamus
1071 2565 1107 2619 bc

87 2631 146 2700 (qui
163 2647 225 2684 cum
238 2632 464 2700 praecedentibus
483 2629 585 2684 Omnes
604 2629 679 2684 vuln.
699 2637 746 2685 etc.
765 2633 956 2702 contempnat).
1009 2635 1107 2688 aet-

50 2738 56 2747 ·
87 2703 249 2771 operantur:
266 2703 305 2755 sic
315 2703 350 2757 be
359 2708 385 2756 el
394 2704 452 2771 (qui
460 2719 484 2757 v.
496 2706 512 2754 4
523 2702 552 2755 et
561 2700 671 2756 etidem
680 2703 742 2771 orn.)
752 2702 809 2757 Gel.
865 2707 882 2754 4
896 2702 938 2758 sic
952 2719 974 2757 e.
990 2702 1009 2758 i.
1020 2706 1106 2774 (com-

85 2772 233 2826 bustarum
252 2774 297 2840 bc)
316 2771 387 2826 cinis
409 2771 479 2827 Ges:
503 2773 569 2828 boec
586 2779 612 2827 et
630 2790 699 2842 quoe
718 2774 826 2828 addecet
848 2790 1056 2844 asperamus.
1076 2778 1107 2829 et

86 2859 137 2897 nee
158 2844 217 2912 (sie)
235 2860 258 2897 e.
277 2861 304 2912 p.
324 2842 395 2897 facit
412 2845 491 2910 infra
505 2850 570 2912 post
588 2846 622 2912 (o.
637 2846 684 2912 11)
704 2842 876 2897 adhibentur
896 2847 935 2900 ad
955 2846 1037 2912 finem
1056 2848 1105 2902 bo·

88 2916 149 2969 beot
167 2915 210 2969 be.
304 2920 319 2967 6
339 2912 493 2983 liquamine
566 2914 713 2969 conveniet
734 2915 800 2983 Get,
819 2917 868 2970 ubi
886 2917 926 2971 eie
945 2919 1021 2998 (poet
1038 2931 1106 2988 ope-

85 2987 184 3038 rantur
196 3003 220 3040 o.
231 2986 259 3055 4)
274 2987 320 3040 be:
340 2983 520 3054 Plantaginis
533 2985 604 3039 folia
617 2985 687 3039 trita
700 2984 819 3055 iponito.
838 2984 1008 3055 Liquamme
1022 2989 1105 3042 suino

28 3108 31 3115 ,
86 3061 176 3119 (simo
191 3059 214 3125 c)
228 3055 261 3110 fr.
276 3055 340 3110 loca
354 3055 537 3110 ustulavato.
594 3055 812 3110 'illuminalium
823 3056 895 3113 Get:
910 3056 1104 3114 fluvialiumb.

86 3132 102 3181 8
121 3128 215 3180 tostae
233 3128 303 3182 Get:
323 3128 387 3200 uste
406 3129 429 3182 b.
509 3132 542 3180 10
560 3143 611 3197 pro
631 3127 857 3198 cathaplasmate
931 3128 1105 3184 adhibeatur

84 3197 234 3263 (-bentur
252 3200 277 3267 c)
297 3199 325 3254 b:
345 3196 578 3267 cataplasma
595 3197 747 3253 adhibetur
761 3200 819 3253 Gel.
894 3204 926 3252 11
943 3208 1009 3269 poet
1022 3201 1103 3255 adhi-

84 3268 187 3322 bentur
199 3276 351 3339 sequebatur
365 3271 458 3324 aliena
472 3271 504 3323 iu
513 3270 583 3329 beit
598 3268 711 3339 adipem
723 3269 916 3327 berbicinum.
929 3314 934 3326 .
946 3269 1019 3326 ,11111
1033 3270 1104 3326 folia

84 3339 154 3394 trita
171 3339 316 3411 imponito.
401 3345 434 3393 13
453 3338 628 3394 Generaliter
646 3348 672 3396 et
689 3341 839 3395 flebotomo
854 3341 1103 3412 (sub)veniendum

84 3413 158 3479 (item
175 3429 239 3467 moa
257 3409 422 3482 superimp)
441 3428 491 3466 om.
513 3411 571 3466 eet.
591 3413 760 3482 (catapotia
782 3414 848 3469 alba
861 3414 994 3483 praebet).

85 3488 118 3536 1o
139 3484 264 3554 ettp.)b:
283 3500 333 3538 om.
352 3483 446 3550 rGel.,
465 3497 530 3534 cum
544 3483 638 3552 (pane)
651 3483 687 3539 Β.
742 3500 777 3538 ex
790 3482 832 3553 (in
844 3485 892 3553 rb)
906 3499 983 3552 aqua
1001 3485 1101 3540 belet:

73 3569 125 3610 om.
144 3556 182 3610 B.
259 3560 294 3611 17
314 3554 346 3609 ul
364 3554 409 3610 est
426 3552 546 3611 1111111
560 3553 594 3606 uo
606 3553 643 3608 Β.
716 3556 766 3608 aut
783 3553 945 3624 polydionis
961 3554 1029 3624 dee,
1051 3557 1101 3608 aut
