2288 3878
442 865 724 949 Additamento

294 1033 870 1105 Pseudo-Theodori

374 1166 409 1221 ed
428 1166 598 1223 Theodorum
615 1164 791 1221 Pdsolenrun

418 1254 562 1324 (editionis
582 1253 739 1324 secundae).

11 1465 70 1534 (III)
144 1464 283 1535 Crispos
303 1466 352 1520 sic
371 1387 688 1536 faciesrpcclaplfisssgtb
704 1466 834 1536 Cupressi
847 1466 926 1537 pilae
946 1486 1013 1525 cum
1034 1471 1090 1526 acri

72 1542 158 1598 tritae
181 1548 275 1614 aceto,
299 1548 328 1600 et
350 1545 469 1615 capillos
492 1545 606 1601 illinito.
637 1547 666 1599 et
688 1544 802 1599 lentisci
825 1544 896 1600 folia
919 1564 987 1602 cnm
1010 1553 1089 1605 aceto

71 1624 149 1679 trita.
187 1624 339 1680 lumbricos
358 1629 450 1681 terrae
468 1643 532 1680 cum
551 1625 613 1680 oleo
633 1624 772 1679 conterite
791 1627 820 1679 et
837 1624 954 1682 illinito.

45 1747 57 1785 5
487 1733 534 1787 Ad
547 1733 573 1800 Ι,
587 1735 605 1786 3
620 1735 672 1800 (8).

9 1809 56 1881 ΙΠ)
143 1811 260 1867 Calais
288 1815 325 1867 ut
353 1811 478 1882 capilli
504 1813 700 1867 nascantur.
737 1809 951 1866 Harundinr'nas
978 1814 1088 1869 radices

72 1892 218 1947 combures
232 1895 307 1948 teres
322 1894 351 1947 et
365 1908 461 1946 cernes
471 1903 507 1951 ÷
520 1891 567 1946 ΠΙ.
593 1890 663 1945 folia
677 1889 770 1945 olivae
785 1890 933 1945 combusta
944 1895 973 1947 et
987 1893 1088 1948 cribel-

72 1969 132 2025 lata
150 1985 185 2032 -:-
204 1972 256 2040 111,
274 1970 429 2042 polytrichi
445 1970 564 2038 herbae,
591 1968 745 2023 callitrichi
768 1969 932 2024 combustae
957 1970 1089 2028 similiter

71 2067 126 2104 ana
198 2051 250 2121 ΙΠ,
274 2051 372 2105 ladani
395 2050 498 2105 libram
516 2051 542 2118 Ι,
570 2048 663 2119 adipis
691 2048 780 2102 ursini
809 2049 844 2104 da
871 2049 987 2105 renibus
1012 2054 1088 2122 quod

32 2130 141 2185 rosetis
166 2131 292 2200 ridetur,
317 2129 510 2185 commiscebis
535 2129 642 2198 omnia,
667 2132 696 2183 et
719 2145 805 2183 exeo
828 2129 859 2182 in
881 2129 986 2186 balneo
1011 2132 1087 2188 intus

71 2213 157 2279 caput
175 2210 294 2265 lavabis.

231 2316 423 2383 AdL5(l2)
443 2315 489 2368 De
507 2312 681 2383 pediculis
701 2318 775 2384 (port
793 2314 928 2386 fricabis).

9 2395 58 2465 VI)
142 2394 263 2449 Radices
283 2393 400 2449 ellebori
414 2394 489 2461 -2-1,
508 2393 697 2462 stafisagriam
711 2395 773 2454 -;-1
791 2394 821 2448 in
840 2413 928 2450 unum
947 2397 1087 2453 conterite

71 2474 100 2526 et
119 2472 245 2527 admixto
269 2473 332 2526 oleo
355 2475 447 2527 totum
470 2489 569 2542 corpus
593 2475 771 2545 perunguito.
809 2475 897 2530 etiam
916 2475 940 2529 si
959 2493 1025 2530 cum
1043 2480 1087 2532 tu-

32 2572 56 2610 ro
70 2552 135 2606 nica
151 2551 316 2606 dormierint
335 2568 431 2605 omnes
445 2552 591 2622 pediculos
604 2555 696 2608 necat.
726 2555 886 2624 stafisagria
900 2554 970 2610 trita
982 2557 1087 2611 addita

71 2635 135 2686 ruta
159 2648 223 2685 cum
246 2631 308 2685 oleo
333 2634 361 2686 et
385 2635 465 2687 aceto
489 2633 640 2688 commixto
667 2636 761 2688 totum
784 2651 883 2704 eorpus
911 2634 1014 2691 fricato
1040 2655 1087 2693 ex-

142 2797 157 2845 2
178 2790 299 2861 inressi
319 2794 334 2847 b
354 2797 488 2863 (semper).
562 2810 625 2846 oum
645 2769 678 2849 ag
696 2792 764 2865 trite
783 2796 813 2848 et
831 2797 912 2849 aceto
926 2797 951 2865 b,
970 2812 1035 2850 curn
1051 2775 1086 2852 ag

70 2863 138 2917 trite
157 2866 239 2917 aceto
258 2882 280 2919 r.
403 2872 420 2919 4
439 2863 666 2940 temp-illinita
685 2867 714 2920 b:
732 2867 879 2920 terrestres
900 2869 958 2934 (cet.
977 2871 1043 2935 om.)
1062 2888 1085 2924 r.

72 2940 85 2987 7
104 2936 178 2988 teres
198 2936 221 3004 b,
240 2933 309 2989 teris
328 2953 355 2992 c:
374 2953 424 2991 om.
444 2955 466 2991 r.
539 2933 672 2990 foliorum
686 2934 760 2990 olive
775 2937 920 3004 combusta
935 2939 964 2991 et
983 2937 1086 2993 cribel-

69 3005 128 3087 latp
146 3024 168 3061 r.
224 3005 393 3061 Scallitrici
407 3009 442 3063 bc
455 3008 500 3076 (cf.
520 3007 596 3061 Pila.
610 3009 744 3076 25,132):
763 3006 861 3076 gallici
874 3026 897 3063 r.
954 3008 1085 3078 tedipes

69 3093 178 3130 ursmos
198 3078 240 3145 bc,
260 3077 346 3147 adeps
365 3077 476 3132 ursinus
495 3097 517 3133 r.
592 3083 626 3130 10
645 3077 803 3132 commissis
817 3096 858 3134 cr.
931 3096 992 3134 cum
1010 3097 1035 3135 o.
1050 3085 1086 3135 13

69 3154 154 3214 -15,
174 3150 435 3216 p.269,1-4cf.
477 3166 529 3203 uae
551 3165 585 3204 coc
612 3150 702 3204 eodem
729 3150 804 3215 fonte
830 3151 910 3205 babet
932 3151 1086 3207 Marcellus

65 3236 95 3288 p.
110 3222 287 3286 46,16-20,
305 3223 417 3274 23—28
432 3222 442 3288 (
474 3221 566 3288 elma).
663 3224 696 3272 13
715 3218 786 3272 Rad'
806 3221 830 3288 b,
849 3220 970 3275 Radices
988 3239 1012 3276 r.

69 3289 229 3372 stafisagria
248 3292 292 3345 br.
347 3289 378 3343 in
395 3295 453 3343 unii
472 3309 499 3346 r:
518 3289 549 3342 in
562 3289 630 3343 vinsr
650 3291 673 3344 b.
729 3289 881 3346 conterito:
901 3292 1026 3346 contrita
1040 3295 1083 3349 br.

70 3366 103 3414 14
122 3364 229 3415 amixto
248 3362 276 3415 b:
296 3360 397 3415 imixto
417 3379 439 3416 r.
514 3365 547 3414 15
567 3358 732 3414 dormierint
751 3362 780 3416 b:
800 3361 873 3416 -ris
892 3380 914 3417 r.
990 3368 1024 3416 16
1039 3380 1085 3418 eo-

66 3432 158 3487 mixtu
178 3435 201 3503 b,
221 3430 343 3485 comiato
361 3449 383 3486 r.
457 3430 621 3502 frie;(—oat)
636 3433 659 3500 b,
679 3431 786 3485 frecato
805 3450 827 3487 r.
