2288 3878
91 124 157 190 382
280 126 557 179 ANTIDOTARRJM
574 126 680 183 ΒΜ
699 124 916 187 securium

91 289 177 370 pulos
195 290 261 371 xii,
284 290 380 351 mellis
408 293 570 351 sextarium
587 291 610 351 I.
632 290 734 352 tundis
757 300 789 353 et
812 292 954 378 cribras,
977 300 1010 359 in
1031 298 1104 359 mede

91 382 281 460 commisces,
304 382 400 440 etsie
423 382 530 461 uteris,
553 398 639 442 mane
662 378 809 441 coclearia
832 384 910 465 tria,
935 386 1048 449 atalia
1067 388 1104 450 die

93 468 239 529 similiter.

40 553 81 617 79
180 556 228 617 ld
256 557 357 617 idem.
385 559 443 617 irin
467 556 611 636 illyricam
629 556 665 617 di
682 557 709 639 1,
739 556 842 620 mellis
866 563 955 640 quod
985 566 1105 646 sufficiat,

93 664 247 727 quousque
271 648 311 706 sit
333 645 460 724 eliquata
484 644 656 724 spissitudo.
1120 666 1128 705 i

39 728 83 794 80
180 733 227 794 lid
256 733 328 794 coli
356 733 521 794 dolorem.
554 753 689 823 azymum
719 753 831 815 panem
863 741 976 802 tundis
1008 751 1039 805 et
1062 761 1105 823 per

92 823 247 886 eriballum
271 825 377 883 cernis.
401 831 431 882 et
449 822 501 882 das
520 822 567 883 die
585 825 683 902 primo
705 826 736 884 in
754 826 825 885 vino
850 827 996 892 cocleare
1017 850 1105 911 unum,

92 912 140 974 die
164 911 294 973 secundo
314 908 426 992 (duo),
448 914 538 971 tertio
557 914 623 992 tria,
646 912 830 975 febricitanti
853 918 887 977 in
913 918 1024 1003 calida,
1045 938 1105 982 sano

92 1012 126 1064 ut
149 1001 261 1062 dictum
284 1009 330 1061 est
353 1003 384 1060 in
407 1003 475 1060 vino
498 1003 600 1061 reteri

39 1084 80 1148 81
180 1090 228 1150 ld
251 1089 374 1150 colum.
399 1089 521 1168 siliquas
539 1090 617 1149 alras
635 1097 706 1170 tres,
724 1092 838 1169 piperis
852 1092 918 1154 albi
932 1114 1030 1174 grana
1041 1097 1131 1178 xxia

92 1181 168 1241 costi
191 1176 271 1259 scrip
285 1178 345 1239 IIII.
369 1187 436 1257 post
455 1180 552 1238 omnia
571 1178 644 1238 haec
661 1181 730 1239 trita
748 1186 779 1239 et
797 1179 971 1269 cruciata,
996 1189 1029 1249 in
1049 1191 1106 1250 vino

93 1270 185 1347 ignito
208 1271 360 1346 potionem
383 1267 464 1346 lacis,
487 1275 518 1327 et
540 1266 624 1327 dabis
647 1269 676 1327 ei
699 1266 832 1328 cocleare
851 1288 962 1335 unum.
985 1275 1048 1337 hoo
1063 1295 1107 1357 per

91 1357 233 1436 triduum,
261 1359 286 1416 si
310 1355 397 1416 dolet.
427 1357 553 1434 ignitum
581 1355 693 1417 ferrum
716 1358 760 1416 sio
786 1359 819 1417 iu
846 1360 921 1421 vino
946 1367 1106 1445 extinguas

39 1439 81 1503 82
180 1444 275 1504 Item.
313 1444 423 1505 lavabis
454 1444 599 1525 radicem,
632 1444 796 1506 combures.
834 1465 931 1525 grana
957 1450 1107 1516 LXXVIIII

92 1535 123 1593 in
146 1536 287 1592 mortario
310 1535 384 1593 teris
406 1536 437 1593 in
459 1535 537 1613 vlno,
561 1542 591 1593 et
614 1532 698 1594 dabIs
720 1536 873 1613 potionem
897 1537 1014 1603 diebus
1031 1543 1129 1605 viliis

39 1616 81 1680 83
180 1621 275 1682 Item.
298 1622 412 1701 IIgnum
430 1622 576 1682 nodosum
595 1622 817 1684 sambucineum
834 1627 936 1687 mittis
951 1631 986 1690 in
1006 1632 1106 1712 focum,

92 1719 122 1772 et
145 1711 216 1772 dum
238 1713 371 1791 eoeperit
393 1714 487 1791 exuri,
510 1711 651 1791 paulatim
674 1711 801 1772 favillam
824 1712 861 1773 de
883 1716 1000 1779 eodem
1020 1725 1105 1783 extin-

92 1804 166 1880 guis.
191 1800 305 1880 colligis
328 1804 359 1861 in
386 1800 504 1861 vasculo
532 1800 650 1861 mundo.
680 1808 710 1860 et
732 1818 837 1861 rursus
864 1809 1011 1883 apposito
1034 1810 1105 1890 ligno

93 1890 128 1951 ad
151 1893 259 1972 ignem,
285 1893 394 1951 iterum
416 1897 447 1950 et
469 1890 655 1968 frequentius
677 1889 733 1949 hoc
756 1889 891 1950 iaciendo
917 1895 1042 1977 colligis
1064 1918 1105 1961 us-

93 1999 149 2060 que
168 1980 205 2040 ad
224 1979 355 2041 cocleare
375 1978 503 2058 plenum.
528 1981 634 2057 cuique
653 1977 768 2057 pulveri
781 1978 891 2040 adicies
912 2000 1012 2060 grana
1025 1987 1131 2067 Xfflio

92 2071 202 2148 cymini
229 2088 319 2148 grana
342 2067 453 2128 XVIIII.
481 2071 608 2127 contrita
637 2066 724 2126 simul
747 2086 815 2127 cum
841 2068 967 2147 pulvere
1000 2077 1104 2139 adicies

92 2161 123 2219 in
142 2157 236 2219 calida
253 2161 374 2238 potione
395 2157 480 2217 lacta.
504 2155 539 2215 da
559 2159 658 2217 ieiuno
681 2163 714 2216 ut
731 2155 813 2216 hibat
830 2156 973 2236 plurimis
994 2164 1103 2227 diebus.

39 2241 82 2306 84
179 2247 275 2307 Item.
311 2253 403 2306 testas
440 2263 561 2304 ovorum
602 2244 741 2325 gallinae,
778 2265 845 2306 oum
881 2250 1022 2325 primum
1059 2273 1104 2315 ova

91 2337 202 2396 fuerint
230 2337 381 2414 supposita
413 2341 480 2412 post
508 2331 709 2393 exclusionem
743 2333 873 2395 collecta.
902 2342 1009 2401 omnia
1038 2346 1104 2422 uris,

92 2432 121 2484 et
144 2425 217 2483 terIs
241 2422 398 2500 diligenter
421 2424 452 2481 in
476 2424 626 2481 mortario.
649 2421 760 2482 adIoies
782 2425 896 2502 pIperis
921 2444 1019 2504 grana
1036 2431 1132 2493 ms

92 2510 181 2572 simul
200 2509 357 2589 diligenter
381 2512 518 2570 conteris.
543 2517 572 2568 et
595 2508 679 2569 dahis
703 2511 735 2569 in
758 2530 833 2590 aqua
856 2512 952 2575 calida
971 2520 1104 2582 cocleare

91 2600 219 2680 plenum.
243 2598 299 2659 hoo
322 2599 412 2659 facies
435 2616 490 2677 per
512 2597 652 2657 triduum.

39 2685 81 2751 85
179 2688 275 2748 Item.
299 2694 387 2766 caput
409 2686 512 2747 sardae
537 2686 684 2766 decoques
703 2687 862 2766 diligenter
881 2691 912 2750 in
932 2710 1012 2772 aqua
1031 2701 1105 2759 nim-

91 2779 151 2863 sali,
175 2795 263 2858 quam
286 2776 410 2838 colatam
434 2775 558 2836 calidam
581 2775 665 2835 dabis
688 2778 716 2836 ei
739 2775 851 2837 bibere.

38 2865 80 2929 86
179 2869 274 2929 Item.
298 2867 473 2946 sanguinem
495 2863 650 2946 anguIlIae,
673 2883 741 2925 cum
759 2864 874 2926 rubello
897 2869 976 2952 vino,
1001 2878 1137 2954 aequisu

91 2960 241 3020 mensuris
265 2976 333 3019 cum
355 2975 430 3036 aqua
452 2954 551 3034 tepida
574 2957 675 3016 mittis.

39 3043 79 3106 87
179 3047 317 3108 Itemad
329 3044 451 3108 colum.
466 3043 789 3105 afronitramatronalia
799 3043 866 3104 duo.
881 3046 914 3105 in
922 3065 1000 3126 aqua
1011 3051 1106 3114 dahis.

162 3198 388 3265 ialiafflB.
443 3197 771 3266 4irin...d1agfiiB.
839 3197 1106 3270 iazimupanem:

90 3271 199 3338 tymum
217 3269 339 3340 hispanie
354 3273 416 3340 (sic)
431 3288 516 3340 orpora
534 3270 566 3324 io
585 3271 660 3324 aar.
725 3273 741 3323 8
761 3268 816 3322 duo
835 3284 885 3323 om.
899 3269 928 3323 B
941 3273 1019 3335 (add.
1040 3278 1105 3344 ed).

92 3364 126 3413 14
144 3357 266 3412 Lavabis
286 3361 349 3427 (sic)
366 3359 395 3413 B
413 3357 545 3429 (Cenabis
563 3358 623 3427 ed).
731 3361 765 3410 15
779 3344 879 3427 polB.
979 3365 1014 3414 16
1030 3380 1105 3419 sam.

90 3428 250 3486 bucineiiB
264 3429 469 3500 (sambucinum
481 3430 541 3499 ed).
596 3433 630 3482 20
648 3428 857 3497 granulatim,
876 3427 992 3484 canabis
1010 3450 1105 3503 grana,

91 3504 131 3560 ed.
146 3504 268 3572 (propter
285 3519 306 3558 o.
322 3505 382 3570 82).
473 3505 506 3556 28
524 3496 637 3554 nimfali
656 3501 718 3567 (aio)
737 3498 773 3554 B.
824 3543 828 3547 ,

177 3778 257 3806 Q
