2288 3878
60 153 127 218 310
393 156 738 211 Peenno-mamm

60 313 174 381 aequali
192 314 316 384 pondere
339 313 439 368 tritum
461 330 526 368 cum
551 331 625 383 aqua
643 315 739 371 calida
760 314 842 385 potui
862 316 940 372 dato.
970 321 1000 373 et
1019 319 1081 374 loco

59 392 153 447 calido
178 394 203 447 si
230 394 324 449 iaceat
352 392 422 447 satis
450 393 537 448 iuvat.
565 396 594 449 et
620 397 719 465 pectus
746 411 844 450 eorum
867 396 931 452 oleo
959 399 1080 454 nardino

58 474 238 543 perunguito.
267 476 297 528 et
312 473 462 527 adrianum
476 472 522 528 vel
537 473 586 528 diu
604 473 679 529 trion
696 491 837 546 pepereon
856 492 922 531 curn
940 494 1018 546 aqua
1036 496 1080 534 ca

61 553 122 608 lida
140 553 223 623 potui
241 554 340 608 datum
359 569 465 608 summe
483 552 561 608 facit.

32 675 45 714 n
131 661 347 728 Ae11,o(29)
367 659 412 714 De
431 659 501 713 ileo
520 661 594 729 (post
611 658 764 729 vaporibus
782 660 993 734 frequentibus)

130 738 161 791 id
180 738 271 793 estin
290 753 365 806 aqua
383 737 474 808 <ubi>
498 737 572 792 cocti
595 736 701 792 fuerint
723 738 837 794 frondes
860 741 936 796 lauri
959 743 1009 798 vel
1032 762 1077 799 cu-

58 817 148 887 pressi
167 817 256 887 puleii
274 820 393 887 nepetae
416 816 555 871 absinthii
578 816 709 872 abrotoni
731 817 849 873 missum
866 819 897 874 in
922 822 1078 878 semicubio

58 898 233 966 frequentius
261 897 425 966 vaporabis,
449 901 479 952 et
498 896 612 951 sabanis
636 896 818 952 calidissimis
841 902 908 971 post
937 917 1004 956 eum
1032 903 1078 958 de·

58 980 160 1047 terges.

18 1073 45 1111 1o
416 1057 451 1111 cb.
472 1059 547 1125 (poet
564 1056 715 1126 immines).

128 1135 203 1189 Nam
221 1139 250 1190 et
268 1134 395 1204 puleium
413 1138 442 1189 et
460 1135 603 1204 cyminum
621 1136 734 1205 aequali
753 1153 885 1190 mensura
903 1137 935 1191 in
954 1156 986 1194 se
1004 1142 1076 1196 teres

58 1232 92 1269 ex
116 1232 191 1284 aqua
215 1220 244 1270 et
269 1232 353 1285 super
376 1215 542 1270 umbilicum
563 1214 703 1285 impones,
727 1220 757 1271 et
780 1216 837 1271 cito
860 1218 1020 1277 sanabitur.
1049 1224 1077 1277 et

57 1294 111 1349 hae
133 1296 263 1364 potiones
288 1295 418 1359 omnibus
444 1294 638 1349 inflationibus
662 1296 768 1350 ventris
792 1299 821 1352 et
844 1298 988 1354 stomachi
1011 1318 1076 1356 con-

57 1373 181 1428 veniunt.
202 1375 299 1443 apium
313 1377 428 1429 anetum
442 1377 472 1428 et
485 1373 611 1443 puleium
626 1375 724 1444 aequis
738 1377 911 1446 ponderibus
927 1379 1077 1436 decoctum

18 1469 44 1509 rs
57 1452 139 1523 potui
155 1454 230 1508 dato.
260 1457 289 1508 et
308 1454 399 1509 solum
413 1453 510 1522 apium
522 1453 599 1508 idem
617 1454 694 1510 facit.
723 1458 788 1510 ruta
802 1472 837 1510 ex
851 1455 954 1526 butyro
970 1463 1001 1514 et
1015 1461 1076 1515 oleo

57 1533 174 1586 decocta
194 1536 222 1587 et
241 1532 320 1587 edita
339 1533 464 1587 omnium
477 1532 687 1589 interaneorum
705 1535 880 1589 inflationem
893 1536 981 1593 tollit.
1007 1539 1077 1595 feni-

58 1612 115 1666 culi
135 1615 164 1666 et
183 1613 242 1682 apii
263 1613 388 1668 radicem
407 1613 438 1667 in
455 1612 521 1667 vino
536 1612 602 1668 albo
617 1614 748 1669 infundes
768 1615 814 1669 die
832 1633 897 1684 una,
917 1620 947 1670 et
965 1620 1077 1675 modice

58 1693 205 1748 decoctum
223 1693 304 1762 potui
321 1694 397 1749 dato.
423 1692 508 1748 vituli
521 1693 618 1747 fimum
631 1710 728 1749 recens
743 1711 777 1749 ex
790 1694 857 1749 vino
875 1696 957 1765 potui
978 1699 1077 1754 datum

58 1791 168 1829 umores
191 1773 298 1828 ventris
318 1776 348 1828 et
372 1773 506 1844 flegmata
530 1777 559 1828 et
582 1773 654 1828 biles
677 1778 754 1829 atras
774 1775 935 1845 epericulo
961 1776 1075 1834 liberat.

16 1869 42 1908 ao
56 1854 134 1910 aneti
159 1872 255 1911 semen
283 1853 436 1909 contritum
462 1871 496 1909 ex
519 1871 593 1922 aqua
620 1853 702 1923 potui
730 1854 828 1908 datum
856 1854 926 1910 mire
949 1858 1076 1925 prodest.

56 1933 206 2004 coagulum
233 1933 337 2003 leporis
366 1933 467 1988 tritum
494 1951 529 1989 ex
556 1935 622 1989 vino
655 1933 828 2003 tepefactum
859 1934 941 2004 potui
976 1937 1077 1991 datum

56 2015 178 2083 grandes
197 2014 303 2069 ventris
323 2013 460 2068 tortiones
480 2017 570 2069 sanat.
598 2013 668 2068 item
691 2013 784 2068 anatis
808 2017 907 2068 venter
925 2016 1076 2085 appositus

56 2093 159 2149 mirum
177 2098 228 2150 est.
248 2095 401 2149 verbenam
419 2093 519 2148 tritam
533 2111 597 2147 cum
610 2091 753 2147 radicibus
773 2093 831 2146 suis
845 2093 940 2163 inpari
957 2113 1076 2152 numero

57 2191 91 2229 ex
110 2193 186 2244 aqua
204 2174 286 2244 potui
306 2174 381 2228 dato.
406 2173 510 2227 herbae
529 2174 669 2228 verbenae
687 2173 812 2228 radicem
832 2176 1028 2232 commasticet
1047 2182 1076 2234 et

16 2253 149 2324 reipsam
175 2253 295 2308 salivam
323 2251 441 2323 glutiat,
470 2252 567 2308 statim
590 2252 697 2306 ventris
721 2256 750 2307 et
772 2253 973 2308 intestinorum
996 2257 1075 2312 tollit

56 2333 188 2388 dolorem.
223 2333 302 2387 aniso
331 2335 360 2386 et
389 2349 470 2386 asaro
494 2332 524 2385 in
548 2348 577 2386 se
601 2347 635 2385 ex
662 2349 737 2400 aqua
765 2336 845 2387 cocto
872 2333 954 2402 potui
981 2335 1076 2405 ipsam

55 2430 158 2480 aquam
182 2411 257 2466 dato,
283 2410 409 2479 lapidem
432 2414 557 2480 gagaten
580 2427 663 2479 super
686 2411 852 2466 umbilicum
875 2412 1016 2484 impones,
1043 2420 1074 2471 et

55 2491 153 2544 statim
171 2490 382 2545 remediabitur.
412 2490 588 2544 cucurbitam
611 2490 811 2546 medicinalem
834 2491 970 2546 maiorem
990 2512 1075 2564 super

54 2567 219 2622 umbilicum
246 2569 386 2637 impones,
415 2571 444 2622 et
470 2568 519 2622 diu
547 2572 579 2623 ut
607 2568 645 2623 sit
672 2571 827 2638 permittes.
857 2571 1073 2642 [iniectionibus

15 2663 41 2704 eo
55 2663 166 2717 quoque
185 2647 322 2702 crematis
341 2647 359 2702 i.
381 2646 509 2716 clysterio
528 2665 562 2703 ex
584 2648 747 2705 decoctione
771 2650 890 2706 fomenti
914 2654 1073 2722 supradicti

55 2727 243 2782 admiscentes
261 2734 308 2782 etc.
333 2727 386 2782 Tb.
407 2728 476 2800 Pr.].

126 2946 276 3027 adeatis
296 2961 319 3014 b.
375 2960 467 3032 tpip.
488 2962 510 3015 b.
566 2965 680 3014 4sume
700 2961 723 3014 b.
781 2963 935 3036 ineptab;
988 2963 1072 3019 abro-

54 3033 124 3084 tanu
143 3032 166 3085 b.
223 3030 409 3100 8vaporibus
430 3034 453 3087 b.
509 3029 616 3085 sabinis
637 3033 660 3086 b.
718 3030 841 3100 detergis
857 3033 880 3086 b.
943 3038 974 3085 11
991 3035 1031 3088 tis
1047 3037 1071 3090 b.

54 3099 168 3156 13hb.
253 3107 286 3154 16
306 3101 484 3158 editaeicb.
576 3108 608 3156 17
627 3101 754 3155 infundis
775 3103 798 3158 b.
891 3107 1025 3158 19acras
1046 3108 1070 3161 b.

52 3195 86 3244 21
106 3193 127 3244 t.
146 3189 212 3243 vino
233 3192 354 3258 (iterem)
373 3191 454 3259 potui
474 3192 499 3246 d.
521 3193 544 3246 b.
631 3195 665 3243 22
684 3175 823 3248 seduense
839 3193 906 3260 b(et
920 3191 1071 3263 torciones,

52 3267 85 3315 at
103 3262 171 3316 desit
189 3262 304 3330 ale'qac'd,
322 3262 386 3328 fort.
407 3262 518 3317 dolores
537 3264 566 3316 et
584 3264 623 3330 t).
683 3266 718 3314 23
736 3261 865 3316 Berbena
883 3261 954 3316 trita
973 3265 998 3319 b.

52 3347 111 3403 rad’
132 3337 164 3402 ll
178 3351 202 3404 b.
311 3355 345 3403 24
368 3349 426 3404 rad’
449 3353 472 3406 b.
582 3355 616 3403 26
639 3348 729 3404 anisii.
752 3371 766 3403 c
787 3355 1071 3411 asaf...'cocti1b.

53 3425 88 3474 27
107 3419 200 3490 iponis
220 3422 243 3476 b.
317 3426 350 3474 29
368 3427 440 3490 ipofi
458 3425 481 3478 b.
554 3419 696 3490 permittis
715 3423 739 3476 b.
