2288 3878
80 132 124 197 60
386 132 774 186 rneonoarrsrsounr

81 297 117 357 ad
140 299 268 357 maiores
290 297 344 358 has
368 316 472 358 causas
494 297 551 369 hoc
575 296 663 357 modo
686 304 928 375 composuerunt
970 295 1102 376 alcyonii

81 385 227 446 combusti
260 388 424 467 semuncia,
457 384 687 446 chamaeleontis
719 387 821 463 nigrae
853 384 964 445 radicis
992 384 1056 447 unc
1077 386 1101 466 l,

81 474 204 534 aslodeli
223 475 332 535 radicis
346 474 437 555 uncl,
456 473 607 553 sulphuris
625 475 693 554 vivi,
711 475 788 533 turis
807 472 941 554 masculi,
954 475 1103 555 pyrethri,

81 564 218 623 al'ronitri
241 565 410 623 semunciae
435 562 578 642 singulae,
601 560 724 641 glutinis
741 563 853 622 taurini
871 560 932 622 unc
949 561 976 643 l,
1000 566 1103 624 omnia

54 665 149 712 scum
180 660 263 712 aceto
292 660 460 730 coquuntur
487 658 517 711 et
544 651 632 731 liunt,
661 657 691 711 et
719 657 889 730 operantur.
935 669 1006 711 cum
1028 670 1103 712 vero

80 740 237 801 mundatae
263 740 373 800 luerint
396 746 426 799 et
450 747 640 819 percuratae,
668 741 746 799 asini
773 737 910 819 adipibus
939 737 1006 800 loca
1033 758 1103 819 per-

81 848 189 910 ungue,
209 836 238 888 et
256 835 324 906 post
343 831 459 888 serniae
478 826 609 888 maculas
624 826 754 888 colorem
768 830 911 888 restitues
924 828 1104 890 naturalem.

80 917 153 978 haec
178 919 275 976 omnia
299 935 357 994 quo
381 917 447 976 lieri
470 919 595 996 possint,
619 915 772 977 catholicis
794 918 892 995 primo
915 919 1104 995 purgationi-

81 1006 137 1067 bus
161 1004 311 1066 relevandi
335 1012 412 1065 sunt.

44 1214 70 1254 ro
224 1199 335 1260 XVIIII.
372 1198 418 1259 De
442 1201 586 1259 ustione
611 1197 750 1259 calidae
774 1196 829 1259 rel
851 1200 959 1277 ignis.

29 1301 72 1365 59
171 1307 310 1366 L'stiones
339 1314 495 1384 antequam
524 1305 657 1384 ilyotidas
685 1305 741 1365 hoc
770 1313 816 1365 est
837 1307 953 1366 vesicas
977 1307 1103 1387 erigant,

83 1396 178 1453 muria
211 1392 353 1454 olivarum
392 1395 564 1473 frequenter
598 1393 736 1474 iniunde,
773 1401 824 1454 aut
856 1394 979 1454 easdem
1010 1394 1102 1455 olivas

155 1586 168 1632 1
190 1579 226 1632 ad
245 1579 365 1634 maiores
384 1581 436 1634 has
455 1598 555 1636 causas
566 1583 658 1650 (curas
672 1582 710 1651 B)
728 1582 856 1637 rBGel.:
875 1581 914 1635 ad
931 1581 1056 1636 maiores
1075 1584 1102 1636 et

83 1667 100 1704 a
135 1652 208 1703 estes
227 1649 398 1720 inpetigines
413 1654 435 1706 b.
509 1655 727 1722 composuerunt
739 1653 800 1708 rB:
819 1653 1002 1708 confecerunt
1016 1654 1100 1708 thl.

112 1719 204 1774 aionis]
217 1720 363 1775 combusti
375 1721 393 1776 S
405 1725 438 1791 ᾖ
447 1726 528 1793 (sicr,
543 1729 565 1776 Σ
577 1725 601 1790 b,
616 1738 738 1777 semunc.
748 1722 768 1777 Ι.
779 1724 861 1792 Geli:
876 1722 1014 1778 alobionii
1028 1740 1102 1778 oom-

81 1791 160 1846 busti
183 1791 327 1846 semuncia
345 1794 381 1848 Β.
508 1797 580 1863 2(8)
600 1793 703 1847 radicis
720 1794 777 1862 rB,
801 1810 882 1848 -oes
904 1794 973 1863 nee,
995 1794 1059 1849 rad‘
1077 1796 1102 1848 b.

82 1869 98 1917 8
118 1862 207 1917 sulfur
224 1862 333 1932 vivum,
357 1865 423 1918 thus
445 1863 610 1919 masculum.
634 1864 740 1947 peretri
757 1864 905 1946 (piretrum
924 1866 1002 1935 ccc).
1028 1864 1102 1919 afro-

81 1934 186 1989 nitrum
201 1951 256 1988 ana
269 1942 294 1997 3.
310 1937 390 2003 itan.
406 1939 442 2003 ᾖ
457 1935 475 1990 S
490 1954 512 2004 r,
533 1952 588 1989 ana
603 1935 1102 2009 semuno19smgulesicB,rnanna,

81 2023 201 2062 semunc.
228 2005 356 2074 singulae
375 2009 415 2061 sic
434 2007 504 2076 oet.)
523 2007 640 2062 chlB.
664 2013 712 2062 cet.
735 2007 771 2074 cf.
798 2007 861 2063 Gal.
876 2006 957 2074 ΧΠ,
974 2011 1098 2062 sss-3.

80 2081 161 2149 sipon
181 2079 314 2149 ponderis
336 2078 437 2132 babent
453 2079 502 2145 cb,
526 2083 583 2131 unc
600 2077 628 2130 Β
639 2078 711 2145 oet,
734 2094 796 2132 cum
813 2094 868 2132 acc.
888 2079 924 2133 rb
936 2078 1013 2144 oa,
1039 2095 1103 2133 oum

80 2167 139 2220 pen.
158 2151 306 2220 specierum
325 2148 360 2201 Β.
434 2153 451 2200 4
470 2163 494 2202 o.
515 2165 578 2201 oum
597 2150 677 2201 aceto
697 2149 853 2217 coquantur
871 2149 931 2217 (sie)
950 2150 980 2201 et
998 2162 1044 2218 op.
1059 2149 1102 2204 B:

81 2236 105 2275 o.
125 2237 147 2274 o.
169 2237 193 2275 a.
214 2220 372 2288 coquuntur
395 2219 424 2272 et
445 2219 524 2273 fiunt.
549 2220 578 2273 et
596 2235 639 2289 op.
664 2237 691 2285 r,
716 2236 740 2273 o.
760 2235 782 2273 o.
803 2235 828 2272 a.
852 2218 1050 2287 decoquuntur
1073 2221 1103 2273 et

80 2293 159 2345 fiunt.
175 2294 204 2345 et
218 2309 261 2362 op.
274 2291 341 2358 Get,
357 2305 381 2344 o.
397 2289 466 2343 trita
481 2306 544 2343 cum
559 2292 639 2344 aneto
654 2289 777 2343 contrita
790 2291 955 2358 coquuntur.
971 2292 1002 2344 et
1016 2305 1060 2360 op.
1077 2293 1101 2346 b.

81 2363 200 2417 bfiunt:
219 2379 254 2418 sc.
274 2359 395 2415 trocisci.
475 2367 490 2414 6
509 2363 675 2430 percuratae
693 2361 791 2416 rGel.:
810 2363 978 2429 procuratae
997 2361 1035 2430 B,
1053 2376 1102 2416 eu·

81 2433 142 2485 rate
162 2434 185 2486 b.
276 2431 350 2486 asini
369 2430 500 2501 adipibus
519 2432 567 2486 rB
578 2432 649 2488 oet:
669 2430 779 2485 asinino
799 2429 883 2500 adipe
902 2433 926 2486 b.
1037 2434 1104 2486 let

81 2503 147 2571 post
165 2502 255 2556 sernia
273 2501 399 2556 maculas
418 2521 445 2558 r:
469 2504 498 2555 et
520 2504 586 2572 post
605 2503 641 2556 ad
663 2501 760 2573 nigras
783 2500 911 2556 maculas
930 2504 959 2570 b,
983 2505 1014 2556 et
1036 2504 1104 2572 post

82 2572 227 2626 serenatas
244 2573 371 2626 maculas
390 2574 418 2626 B
436 2572 488 2641 (ita
506 2572 625 2627 maculis
646 2573 716 2642 θεῖ.)
735 2575 769 2640 cf.
789 2578 816 2641 1,
835 2576 879 2628 37.
983 2580 999 2627 l
1019 2573 1103 2628 resti-

81 2645 144 2696 tues
163 2659 190 2696 n.
208 2643 301 2711 chl,
322 2660 388 2697 -as
402 2661 428 2698 n.
444 2645 485 2699 B:
503 2643 644 2698 restitutis
662 2642 707 2697 his
725 2643 846 2697 turalom
862 2647 929 2712 (pro
943 2643 1038 2698 —tuis
1057 2644 1102 2698 his

80 2711 240 2794 naturalem
257 2716 306 2782 sic)
325 2733 347 2768 r.
403 2722 489 2783 8quo
504 2715 532 2768 Β
545 2715 602 2797 (ξεῖ.
623 2718 687 2785 (que
705 2717 744 2783 r):
763 2716 795 2767 ut
811 2715 834 2768 b.
885 2713 976 2796 primo
991 2713 1103 2797 Bfletr

81 2800 165 2910 ppitpp,
178 2800 270 2923 lttgrbl'
280 2785 568 2936 &wwzsplevanldp
584 2783 1102 2936 Bppsrtilopplkupfipplsspppappp)app

81 2925 157 2980 hdae
181 2927 241 2995 (sic)
264 2924 310 2979 vel
332 2943 406 2996 rgnrs
425 2926 523 2983 XVIII.
543 2928 652 2983 Boot:
679 2927 721 2981 De
750 2926 944 2980 combustione
973 2926 1102 2983 oalideb

81 2999 178 3066 (totum
191 3003 276 3066 capnt
288 3013 337 3051 om.
353 3015 378 3063 r,
395 2999 443 3067 qui
456 3004 547 3053 tomen
560 3001 672 3054 titulum
685 2999 783 3053 babuit
796 3000 829 3053 in
841 2998 934 3053 indice
948 3001 1103 3069 prmisao

81 3067 133 3122 XX
155 3067 196 3121 De
216 3067 409 3121 combustione
432 3067 524 3123 calide
547 3069 593 3124 vel
615 3067 690 3139 ignis
713 3068 744 3121 in
766 3083 899 3138 corpore,
922 3071 995 3124 sicut
1017 3071 1103 3125 index

85 3139 212 3194 obiciam
225 3145 260 3205 et,
278 3140 325 3208 qui
339 3155 388 3194 orn.
403 3137 434 3191 in
450 3154 573 3209 corpore,
592 3141 735 3210 Baalim).
754 3146 787 3194 ut
799 3157 855 3194 non
872 3140 972 3195 tabuit
989 3143 1103 3196 omnim

81 3211 166 3266 coclear
184 3211 253 3264 alter
270 3225 347 3279 quem
365 3211 509 3279 erumpat
526 3228 555 3278 r,
577 3213 619 3266 ita
641 3228 768 3266 mancum
790 3217 829 3266 est
846 3212 1002 3280 capitulum
1019 3213 1054 3267 in
1065 3212 1103 3279 B,

82 3282 206 3338 dirutum
224 3282 256 3335 io
281 3279 353 3347 uec,
379 3281 680 3349 intercolumnium
705 3284 815 3336 omnino
839 3283 970 3349 dubium,
997 3299 1047 3338 nec
1070 3285 1103 3337 isa

80 3355 187 3423 graecis
204 3353 264 3407 cius
276 3350 427 3420 redigimus.
501 3356 533 3404 11
549 3352 680 3406 fluctidas
695 3353 732 3420 B,
750 3351 873 3406 flictidas
888 3354 932 3421 tc,
945 3353 1102 3423 phliotidus

84 3424 142 3479 Get.
197 3422 251 3477 hoo
267 3424 315 3547 eBst
329 3421 445 3477 beliot:
464 3437 515 3477 orn.
528 3422 565 3478 Β.
615 3421 719 3480 muria:
738 3423 830 3477 muria
848 3439 948 3480 munes.
1000 3430 1035 3480 12
1051 3426 1101 3479 aut

81 3495 201 3552 batiola
221 3494 250 3549 et
297 3536 303 3548 .
