2288 3878
104 91 155 145 XII

106 278 162 319 nec
185 260 244 318 nisi
272 277 342 318 casu
365 257 492 338 quodam
516 256 658 335 singulari
686 258 795 317 lactum
823 274 889 316 esse
917 265 1017 336 potest
1040 259 1121 338 quod

107 346 240 407 eandem
254 348 315 407 lere
340 349 418 407 circa
441 348 559 406 initium
583 345 704 406 alterius
727 347 821 424 partis
844 344 914 405 libri
933 347 1120 432 3333331113-

107 455 213 496 cunam
240 435 320 496 illam
351 455 484 514 magnam
516 435 640 495 baberet
671 434 763 495 codex
795 432 976 495 Gelenianus
1003 433 1120 497 Gelenii

106 534 239 604 tempore
263 544 350 604 qnam
373 518 506 603 tem'pore
526 523 622 584 Vossii
645 522 810 584 Vaticanus
833 531 960 602 uterquc
984 526 1066 586 cuim
1089 529 1120 586 13

106 623 239 674 extremo
269 613 397 693 capitulo
427 616 540 692 primae
569 615 662 692 partis
689 613 725 672 de
754 611 872 673 cholera
897 605 994 696 (xm)
1018 614 1122 675 finitur

106 703 153 763 his
176 703 275 763 verbis
296 701 528 784 „Cataplasmata
547 720 616 762 vero
641 703 738 760 omnia
761 700 927 761 adhibenda
951 709 1022 763 sunt
1045 722 1120 782 quac

107 787 203 852 dial0“
220 789 230 869 ll
249 785 382 874 (sioVat.
410 791 563 851 desinente
587 784 687 873 lolio),
714 790 766 850 ubi
790 788 954 869 supplendo
978 789 1121 854 Gelenius

21 921 25 927 -
61 935 65 942 .
108 874 275 962 (desinente
308 899 372 958 pag.
393 873 449 960 88)
477 899 570 960 „quae
595 874 831 957 diaphoreticis“.
848 877 859 958 η
877 881 1015 958 sequitur
1042 881 1121 960 apud

107 969 260 1029 Gelonium
290 962 336 1050 (p.
356 962 417 1052 89)
454 969 518 1050 „lle
555 968 724 1048 paralyticis
756 963 847 1028 xlx“
881 970 968 1028 initio
1006 989 1121 1031 carens.

107 1061 172 1119 eius
196 1059 274 1117 enim
298 1057 448 1137 aliquanto
472 1061 556 1136 prius
579 1051 646 1136 post
669 1056 803 1117 lacunam
832 1056 929 1117 denuo
952 1065 1054 1119 textus
1077 1062 1124 1119 in-

107 1150 179 1226 cipit
202 1165 290 1225 quam
313 1146 445 1206 Vaticani
467 1146 573 1227 Vossii,
596 1154 697 1225 utpote
722 1148 773 1224 qui
797 1165 830 1205 ea
850 1148 939 1206 etiam
959 1151 1123 1209 servaverit

108 1255 182 1314 quae
215 1234 318 1294 ultima
350 1237 407 1294 tria
440 1237 517 1294 sexti
549 1237 752 1312 quaternionis
785 1235 917 1295 Vaticani
950 1235 1021 1296 lolia
1052 1236 1122 1297 olim

108 1342 267 1401 occupasse
292 1341 421 1383 censeas.
444 1323 517 1382 haec
540 1325 636 1401 primo
656 1323 761 1384 obtutu
780 1323 895 1384 diceres
909 1323 1050 1385 Vaticano
1069 1328 1122 1405 qui

20 1477 24 1487 ¹
108 1412 186 1471 idem
216 1410 321 1470 suisset
348 1431 415 1471 cum
443 1411 603 1472 Geleniano
632 1412 727 1472 adhuc
755 1412 938 1493 adhaesisse,
968 1431 1038 1474 cum
1066 1412 1123 1475 Ge-

107 1501 203 1560 lenius
223 1518 257 1558 33
282 1507 424 1560 uteretur,
449 1501 499 1560 sed
525 1520 592 1561 cum
615 1501 671 1561 hoc
695 1504 784 1561 statui
807 1508 950 1582 nequeat,
974 1510 1008 1562 ut
1032 1521 1122 1584 supra

108 1591 209 1670 docui,
233 1607 295 1648 rem
319 1591 378 1649 nisi
401 1609 488 1650 casus
515 1590 644 1651 ludibrio
672 1591 801 1650 admisso
825 1589 963 1670 equidem
987 1609 1049 1652 non
1072 1612 1123 1652 ex-

5 1742 9 1750 ,
107 1678 203 1758 pedio.

197 1767 299 1827 Galeni
316 1768 588 1849 therapeuticorum
608 1768 644 1828 ad
664 1767 843 1828 Glauconem
862 1767 931 1826 libri
946 1766 1004 1828 duo
1023 1769 1121 1830 tribus

108 1857 192 1918 libris
216 1865 245 1918 et
268 1857 361 1918 libere
385 1858 474 1920 latine
498 1861 585 1937 versi,
609 1865 696 1934 atque
717 1856 930 1935 supplementis
954 1861 1034 1919 aucti
1053 1878 1120 1920 cum

107 1947 172 2008 aliis
196 1956 259 2007 tum
282 1950 391 2026 integri
413 1949 494 2007 tertii
518 1947 554 2005 de
577 1944 691 2005 morbis
718 1944 797 2024 libri,
820 1964 873 2023 pro
897 1947 969 2006 artis
994 1948 1120 2026 quadam

109 2056 223 2096 summa
245 2036 344 2096 medio
369 2036 617 2112 aevoincipienti
641 2036 721 2093 omni
744 2033 941 2115 habebantur,
964 2036 1052 2096 modo
1076 2039 1121 2097 in-

107 2128 184 2204 tegri
206 2125 293 2184 modo
318 2125 451 2202 excerpti
474 2122 650 2200 diversoque
674 2123 778 2183 ordine
802 2123 947 2200 dispositi.
973 2125 1066 2185 iidem
1091 2128 1120 2186 13

108 2212 280 2291 ampliorem
303 2214 388 2291 quasi
411 2211 594 2272 collectionis
617 2210 748 2272 medIcae
778 2211 920 2272 ambitum
943 2217 1057 2292 recepti
1081 2217 1121 2274 113

108 2299 401 2381 circumferebantur,
419 2307 452 2361 ut
476 2300 571 2361 tribus
590 2299 649 2360 illis
673 2294 939 2380 integris'quartus
961 2301 1124 2364 adderetur

108 2409 144 2448 ex
163 2388 292 2448 secundo
311 2387 455 2449 Prisciani
474 2397 641 2471 excerptuS,
660 2391 781 2469 quintus
796 2388 901 2450 deinde
921 2389 1034 2451 Aurelii
1050 2385 1120 2476 (hoc

108 2485 154 2538 331
176 2471 343 2560 Aureliani)
367 2478 403 2537 de
432 2481 526 2539 acutis
557 2478 745 2558 passionibus
769 2486 799 2538 et
828 2477 961 2538 eiusdem
989 2483 1121 2541 auctoris

109 2561 212 2650 (quem
236 2565 403 2645 Seolapium
422 2567 468 2627 vel
486 2567 673 2647 Esoolapium
693 2564 812 2646 quidam
832 2570 1002 2646 ignorantes
1021 2569 1121 2649 appel·

108 2648 220 2738 labant)
245 2663 345 2715 sextus
367 2651 589 2735 „Croniorum“.
614 2663 715 2717 extant
738 2656 857 2735 quidem
881 2656 931 2717 3111
954 2658 1073 2719 codices
1092 2666 1122 2718 31

108 2745 290 2804 recentiores
306 2743 413 2822 quibus
432 2753 537 2823 quarto
551 2744 602 2804 illo
618 2747 726 2805 omisso
747 2747 877 2824 quinque
892 2745 1029 2806 feruutur
1047 2748 1121 2828 „Ga-

109 2829 198 2905 lieui“
216 2851 319 2892 omnes
334 2840 363 2892 et
378 2832 532 2914 decurtati,
550 2841 584 2894 ut
596 2832 856 2916 Barberin.lX,29
866 2827 1047 2919 (sllllel),
1057 2836 1134 2897 Vat..

107 2914 482 3006 4418(xl)‚4417(xn).
508 2941 559 2982 sex
574 2930 672 2983 autem
687 2924 832 3001 significat
846 2923 939 2983 codex
950 2923 1120 2986 Casinensis

108 3008 149 3071 97
167 3004 204 3093 (s.
222 3003 273 3092 X),
296 3013 328 3069 in
351 3030 409 3089 quo
432 3018 500 3089 post
523 3010 626 3071 Galeni
644 3018 706 3071 tres
730 3031 797 3073 cum
820 3019 940 3072 octavus
965 3017 1120 3091 quaternio

108 3099 279 3178 deperditus
295 3101 342 3179 sit,
356 3102 388 3160 in
402 3101 473 3160 3331
487 3099 557 3159 13113
572 3102 667 3178 primo
688 3103 786 3178 quarti
800 3099 879 3161 illius
898 3102 966 3161 finis
986 3111 1122 3163 servatur

41 3240 44 3245 .
108 3190 156 3249 oui
175 3190 218 3247 313
233 3186 430 3249 subscribitur
443 3187 591 3270 „Explicit
603 3187 679 3249 liber
693 3188 753 3248 llll.
769 3188 885 3266 galieni.
908 3190 1059 3271 Incipiunt
1073 3212 1121 3252 ea-

107 3276 200 3357 pitula
214 3275 283 3336 libri
301 3276 414 3338 aurelii.
438 3278 474 3338 de
494 3278 588 3337 acutis
611 3273 825 3356 passionibus“.
845 3277 966 3340 ultimus
982 3282 1045 3340 sine
1065 3300 1119 3340 nn-

107 3385 189 3426 mero
205 3367 339 3444 sequitur
349 3366 510 3446 Scolapius.
523 3372 626 3426 contra
636 3368 667 3427 in
676 3365 895 3427 vindobonensi
909 3376 1008 3429 vetere
1018 3369 1067 3429 lat.
1076 3367 1120 3432 68

108 3449 194 3540 (olim
217 3455 293 3516 med.
308 3449 366 3539 55)
391 3464 421 3516 et
444 3457 509 3535 ipso
533 3453 641 3516 litteris
665 3453 880 3534 langobardicis
904 3459 1013 3536 scripto
1030 3451 1068 3542 (3.
1080 3457 1120 3519 IX
