2288 3878
70 193 134 258 112
383 193 573 246 runonom
590 195 769 248 rmscnru

69 359 213 420 adhibebo
233 359 376 438 dropaoes
395 365 424 419 et
438 365 537 420 cetera
556 377 630 438 quae
646 359 727 439 cyclo
742 366 883 420 consueta
903 366 973 420 sunt
991 364 1089 438 parti·

68 448 124 509 bus
138 447 382 528 praecordiorum
396 455 427 508 et
440 449 537 527 oapiti.
565 447 679 509 viribus
698 466 768 508 vero
782 450 842 508 iam
854 448 1089 527 proficientibus

69 545 99 598 et
117 538 271 617 reparatis,
294 538 379 614 aquis
398 535 582 597 naturalibus
601 539 646 597 uti
664 536 731 616 plus
750 539 915 616 conveniet,
934 543 965 596 et
983 539 1010 597 si
1028 537 1085 598 ali·

69 625 148 704 quod
179 624 275 685 adhuo
307 643 344 684 ex
377 623 581 703 superioribus
613 623 816 686 aooidentibus
848 627 1089 704 perseveraverit.

42 721 243 796 asymptoma,
269 714 457 792 superiorum
480 713 697 791 aegritudinum
720 714 862 775 remediis
886 713 1034 774 adiuvabo.

202 906 286 968 XXV.
319 904 365 966 De
389 906 617 967 asthmaticis
641 907 698 967 vel
722 908 948 986 suspiriosis.

18 1018 61 1084 70
158 1014 348 1075 dsthmatiois
371 1013 417 1073 vel
441 1014 613 1092 suspiriosis
637 1031 755 1092 semper
778 1013 988 1074 molestissima
1010 1031 1082 1092 que·

70 1103 143 1165 rella
169 1102 343 1182 pulmonum
370 1109 424 1163 est.
474 1104 578 1181 pingui
605 1104 716 1162 etenim
744 1110 774 1162 et
805 1101 913 1181 frigido
947 1102 1082 1180 flegmate

71 1194 215 1271 angustiis
239 1190 431 1269 cartillaginis
449 1189 639 1269 pulmonibus
659 1190 850 1270 adhaerente,
874 1208 1016 1252 cavernae
1038 1189 1087 1249 vel‘

32 1301 58 1340 ao
72 1288 186 1341 meatus
205 1279 316 1340 ibidem
335 1277 443 1357 quibus
461 1279 636 1339 naturaliter
655 1281 778 1358 spiritus
801 1278 937 1340 redditur
959 1286 990 1339 et
1008 1280 1088 1339 aoei-

71 1372 153 1448 pitur
176 1366 402 1446 concluduntur,
425 1373 513 1426 etex
537 1367 593 1426 hoo
616 1367 828 1446 impedimento
852 1369 1016 1446 suspirium
1039 1366 1086 1427 vel

73 1456 219 1517 anhelitus
243 1455 470 1515 molestissimus
493 1458 638 1536 nascitur,
664 1463 698 1516 ut
725 1457 855 1516 sedendo
879 1458 974 1535 magis
998 1474 1086 1534 quam

72 1545 195 1606 iacendo
222 1545 380 1621 respirent.
425 1542 522 1602 hieme
551 1551 581 1603 et
609 1543 730 1605 senibus
760 1563 848 1623 praui
875 1546 1003 1604 maxime
1030 1544 1087 1604 hoo

72 1635 178 1694 vitium
193 1631 337 1692 familiare
352 1638 405 1691 est.
439 1634 583 1710 contingit
597 1632 754 1711 aliquando
774 1635 863 1693 etiam
882 1633 989 1693 mediis
1008 1640 1087 1692 aeta-

33 1742 59 1783 rs
73 1722 154 1783 tibus
178 1719 273 1782 adhuo
296 1718 408 1780 calidis.

22 1815 61 1880 71
162 1828 238 1888 qnos
256 1808 415 1869 flebotomo
434 1807 555 1868 liberari
574 1827 697 1869 neeesse
717 1817 770 1870 est.
804 1817 932 1870 attamen
952 1811 979 1868 si
997 1810 1088 1869 etiam

73 1907 104 1960 et
122 1918 138 1960 a
156 1898 314 1959 flebotomo
334 1903 414 1957 oerta
433 1899 547 1956 ratione
566 1897 768 1978 prohibemur,
787 1906 858 1958 tuno
877 1899 998 1958 ieiuniis
1017 1916 1104 1967 eon,

72 1990 165 2050 tinuis
197 1985 405 2066 frequentibus
439 1988 470 2044 in
502 1988 597 2045 vioem
632 1985 825 2047 detractionis
858 1988 1011 2065 sanguinis
1043 1988 1088 2046 uti

74 2079 237 2139 conveniet.
282 2074 417 2154 proderit
439 2076 528 2133 etiam
551 2074 672 2151 potandi
700 2077 895 2155 continentia,
922 2074 1090 2153 proderunt

34 2188 61 2229 ao
75 2167 134 2227 oihi
158 2183 226 2226 oum
249 2162 377 2242 oxymeli
401 2170 430 2223 et
448 2164 551 2241 pipere
570 2165 735 2241 temperati.
771 2162 845 2223 dabo
869 2164 984 2223 interea
1002 2164 1088 2242 ysopi

146 2357 161 2406 1
181 2351 323 2405 adhibebo
341 2352 390 2406 ab:
410 2350 497 2404 -heo
522 2350 576 2404 VB
588 2350 646 2406 Gal.
738 2351 873 2404 consueta
891 2351 956 2403 sunt
974 2351 1010 2405 rb
1021 2350 1091 2405 VB:

74 2422 245 2477 conveniunt
261 2423 319 2476 oet.
364 2421 493 2490 partibus
507 2422 583 2476 ΝΒ
596 2422 667 2477 Gal:
682 2420 759 2491 parti
773 2423 796 2476 b.
839 2419 959 2491 ioapiti
972 2421 1090 2476 abdiel:

75 2492 177 2563 eapitis
202 2493 265 2547 VB.
338 2491 445 2545 viribus
465 2494 540 2560 (vero
559 2494 624 2547 add.
644 2494 739 2561 boel.)
758 2491 816 2545 iam
834 2491 1045 2562 proficientibus
1060 2493 1090 2545 et

71 2561 213 2634 reparabis
227 2564 264 2617 rb
276 2561 348 2616 Get:
367 2561 474 2615 viribus
488 2562 627 2631 reparatis
643 2564 697 2617 VB
705 2562 748 2687 gia
761 2580 795 2617 ex
808 2579 877 2618 corr.
893 2564 928 2617 al.
943 2580 977 2617 m.
992 2569 1090 2616 uotum

75 2641 114 2690 eet
131 2635 163 2688 iu
180 2648 264 2702 apro
283 2638 327 2700 ab,
347 2638 379 2686 ut
396 2634 522 2702 videtur).
578 2633 704 2702 saliqui
741 2635 785 2688 rb.
841 2638 911 2687 dex
929 2633 1006 2688 rVB
1018 2633 1090 2688 Gal:

76 2705 111 2758 de
130 2706 154 2759 b.
193 2720 203 2737 ·
246 2704 421 2757 bsumtoma
445 2704 475 2771 V,
495 2705 625 2772 syntoma
643 2705 679 2773 Β,
699 2703 821 2758 sintoma
838 2722 862 2760 r.
962 2709 1089 2757 basma-

75 2775 141 2830 tieis
154 2774 252 2828 rVBb
265 2773 321 2829 Gal.
337 2775 410 2854 (ihm
423 2791 447 2828 o.
463 2776 500 2844 7).
592 2777 621 2829 eb
639 2778 736 2845 (susp.)
754 2777 813 2847 obp
831 2777 862 2830 iu
880 2775 921 2830 ta't.
932 2776 999 2845 (nou
1012 2793 1036 2830 o.
1053 2777 1091 2844 7).

77 2854 92 2901 7
112 2860 222 2913 semper
239 2843 439 2898 molestissima
457 2846 583 2915 rb(Gel.)
597 2853 623 2901 et
638 2847 705 2902 Gor.
717 2850 808 2914 2,12:
827 2863 877 2901 om.
887 2845 976 2916 pVB.
1022 2861 1090 2913 que-

75 2917 136 2971 rela
154 2916 181 2969 Β
194 2915 270 2982 Gor„
293 2915 413 2983 querilla
438 2915 572 2985 V(-ella
589 2919 629 2987 9):
649 2933 734 2971 eausa
748 2918 764 2971 b
776 2916 834 2972 Get.
926 2921 942 2968 9
961 2915 1093 2997 angustis

76 2985 303 3067 cartillaginibus
314 2987 374 3056 (om.
384 2986 576 3058 pulmonibus)
590 2989 614 3056 b,
629 2987 689 3041 eius
705 2987 843 3058 angustiis
857 2985 1091 3056 cartellagmibus

75 3057 255 3130 pulmombus
269 3075 297 3113 r:
316 3057 496 3128 pulmonibus
511 3060 618 3127 (simpl,
637 3075 687 3113 om.
708 3074 733 3113 a.
748 3061 782 3128 o.)
806 3058 885 3130 VBp
897 3057 963 3113 Gor.
977 3058 1034 3113 (aar.
1055 3058 1091 3125 ef.

78 3129 143 3185 Cels.
158 3134 188 3196 4,
203 3135 217 3182 1
234 3131 361 3198 (12120,
379 3136 418 3184 20
437 3130 526 3198 Lips.)
551 3127 655 3182 arteria
674 3130 744 3182 dura
766 3131 795 3183 et
817 3127 1020 3198 cartilaginosa
1039 3172 1045 3183 .
1062 3171 1092 3184 ..

77 3199 248 3254 descendens
272 3200 309 3253 ad
326 3199 492 3271 praecordia
510 3216 574 3253 cum
587 3199 719 3271 pulmone
734 3199 927 3254 committitur.
989 3203 1022 3252 10
1040 3215 1092 3252 na-

76 3269 207 3326 turaliter
222 3270 289 3326 VB:
308 3269 446 3325 naturalis
465 3271 575 3341 rpGor.
589 3270 778 3340 Gel.(-libus
797 3273 831 3341 b).
928 3271 957 3324 et
976 3271 1091 3339 (aco.)—

76 3340 258 3413 (12)nasoibur
276 3358 325 3397 om.
344 3360 367 3397 r.
443 3347 474 3395 12
493 3341 585 3412 magis
603 3341 716 3396 facilius
734 3343 858 3413 afflatu).
913 3346 946 3396 13
965 3342 995 3395 et
1008 3340 1092 3410 (seni-

76 3414 140 3479 bus)
159 3413 223 3467 er
235 3413 306 3468 Get:
325 3430 375 3468 om.
394 3414 429 3467 Β.
534 3418 567 3467 16
586 3429 668 3481 quos:
687 3413 739 3467 hos
758 3415 781 3469 b.
877 3412 964 3467 etiam
983 3413 1012 3466 et
1035 3411 1095 3466 VB

76 3483 174 3552 (etiam
189 3485 267 3537 aetas
282 3501 297 3538 r
310 3485 359 3538 abi
372 3500 436 3538 mooe
448 3483 647 3554 prohibuerit):
667 3482 754 3539 etiam
769 3485 827 3540 θεῖ.
843 3485 903 3555 (om.
919 3485 955 3553 b).
1010 3486 1044 3536 18
1063 3483 1096 3536 et

60 3553 267 3621 frequentibus
286 3553 432 3628 baffia).
507 3559 542 3612 20
561 3557 612 3610 aut
629 3556 667 3626 (a)
685 3553 768 3624 ysopi
786 3556 810 3613 b.
