2288 3878
66 133 132 198 436
467 134 670 187 VINDIOIANI

68 294 216 359 utrumque
229 252 371 345 carnalem
384 291 468 345 modo
482 290 587 345 cludit!
600 307 629 344 se
648 291 732 345 modo
751 289 850 358 aperit.
876 291 961 344 modo
980 289 1083 346 cludit.

68 363 152 416 modo
171 361 271 431 aperit.
292 361 384 431 aperit
402 364 497 416 autem
516 379 529 414 s
549 360 573 413 i·
600 378 664 414 cum
682 362 852 414 manducare
870 360 1004 429 cooperit.
1025 365 1085 416 sto-

69 433 182 487 ritalcm
209 432 258 500 qui
280 433 404 500 (quando
427 435 506 501 corr.)
529 380 573 485 1ο-
599 431 716 485 machus
726 434 947 504 autempetauro
958 431 1087 487 similem

70 503 181 572 quimur
191 502 281 556 cludit
291 506 386 557 autem
397 520 481 570 quem
494 518 573 555 man-
601 503 766 556 coniunctus
776 505 820 556 est
829 501 930 556 canali.
942 502 1019 556 unde
1029 503 1087 558 hoc

71 575 212 628 ducamus.
242 574 316 626 unde
339 573 392 626 hoc
414 573 446 627 in
470 573 573 641 quibus
586 534 588 634 1
600 590 748 642 possumus
768 573 839 627 scire
853 573 929 640 quod
944 589 973 626 se
990 574 1088 643 aperit

68 661 215 767 possumus
235 643 305 697 sciro
325 643 349 696 si
375 644 488 711 quando
507 660 574 712 epu·
602 642 709 697 canalis
720 643 781 713 ipse
791 646 820 697 ct
829 642 957 697 recludit.
967 646 1088 711 quando

80 732 168 769 amus.
204 717 233 768 et
264 713 339 767 inter
370 714 468 782 opulas
500 713 573 767 risus
601 716 697 767 autem
720 713 867 783 epulamur
889 713 1033 784 contingit
1053 719 1089 770 ut

68 785 195 839 nascitur
214 801 304 853 organ
338 784 443 856 insuitp
459 801 525 838 suco
540 800 575 837 ex
601 784 673 837 risus
692 787 826 838 nascatur
847 784 878 837 in
899 783 953 837 hoc
973 786 1086 842 canale.

69 855 133 910 cibo
152 858 181 910 et
198 858 268 924 potu
292 803 402 922 aliquid
421 854 575 908 extraxerit
602 855 626 908 si
654 856 827 909 consuetudo
860 871 926 908 suco
959 872 1016 937 que
1053 875 1089 911 cx

70 926 169 981 statim
191 925 276 979 tussis
295 924 460 993 insequitur.
486 926 574 978 donec
602 924 665 979 cibo
693 926 733 980 fit.
761 925 807 981 vol
832 925 946 994 potione
972 926 1089 994 ahquid

69 996 189 1066 implent
225 995 325 1064 spirito
358 998 428 1065 (spo)
460 996 575 1050 trahent
602 996 829 1066 der(s0)traxerit.
863 995 964 1050 statim
996 999 1089 1052 tussis

69 1068 145 1135 quod
164 1068 293 1139 evaserat
313 1065 442 1120 anncstio
461 1066 531 1134 quid
544 1067 575 1119 in
602 1067 736 1136 sequitur.
752 1065 959 1136 interpediente
970 1067 1087 1137 spiritu.

70 1155 135 1191 suas
158 1137 261 1191 iterum
289 1140 404 1191 revocat
428 1136 505 1191 vocis
528 1136 574 1191 vel
601 1136 674 1191 illud
706 1139 783 1205 quod
815 1135 958 1191 obheserit
987 1140 1089 1195 nescio

70 1208 155 1277 paris.
268 1217 274 1228 ’
511 1269 517 1278 ,
586 1209 670 1332 1111(ῂί
686 1209 774 1262 donec
788 1208 819 1261 in
833 1224 884 1261 sua
898 1208 1090 1264 derevocetur

603 1297 641 1348 pa
670 1295 692 1333 e.

106 1879 144 1944 (9)
166 1874 233 1929 huic
261 1892 328 1944 crgo
355 1875 454 1945 lingua
478 1876 576 1930 dextra
639 1880 677 1946 (9)
695 1877 742 1931 hio
761 1880 857 1931 autem
874 1876 973 1951 lingue
992 1878 1027 1932 id
1046 1879 1090 1934 est

71 1946 192 2015 levaque
219 1945 372 2016 sublingua
400 1950 465 2000 sunt
490 1946 577 2014 positi
604 1948 719 2017 epyolos
734 1947 877 2017 (cpyglose
891 1951 917 2010 o)
935 1964 965 2002 se
985 1949 1089 2005 dextra

72 2018 149 2084 quod
173 2020 269 2072 autem
292 2034 376 2087 super
401 2017 493 2087 pendo
518 2016 576 2070 illis
603 2018 723 2088 levaque
750 2018 862 2072 tuscille
891 2021 958 2072 sunt
982 2021 1087 2088 posite.

72 2104 156 2156 super
175 2088 247 2142 alias
268 2088 395 2143 carnales
416 2104 577 2155 unumque
604 2090 680 2158 quod
695 2092 790 2143 autem
804 2105 887 2158 super
900 2090 1009 2158 pendet
1019 2091 1086 2147 illis.

71 2158 136 2211 cibo
155 2159 201 2212 vel
223 2161 293 2229 potu
316 2159 473 2213 instomaco
491 2175 577 2212 mem·
604 2177 660 2214 uva
697 2159 808 2215 dicitur.
845 2160 952 2229 pendet
989 2165 1089 2216 autem

72 2228 176 2282 branus
196 2229 307 2284 dicitur.
330 2229 510 2299 coniungitur
529 2247 577 2282 au·
605 2247 688 2300 super
707 2232 776 2284 duos
795 2230 917 2285 canales,
936 2230 987 2285 isti
1006 2250 1089 2286 num-

72 2300 132 2352 tem
149 2300 317 2368 gurgulione
336 2304 365 2354 et
383 2300 522 2369 pulmone.
605 2319 690 2370 quam
714 2301 830 2371 potione
858 2305 887 2355 et
913 2301 995 2354 cibus
1030 2306 1089 2358 sto-

604 2373 704 2426 macho
732 2372 826 2426 ferunt
849 2388 933 2439 quem
960 2372 1088 2443 epigessi

605 2442 751 2512 (epyglissi
764 2446 791 2523 o)
810 2441 964 2497 continent.
985 2446 1016 2497 et
1031 2445 1089 2514 spi-

605 2512 718 2568 ritalem
733 2513 843 2568 dicrtur.
864 2512 937 2566 alius
950 2529 1020 2568 vero
1039 2531 1088 2570 ca-

604 2583 678 2637 nalis
694 2584 804 2637 deretro
818 2582 930 2636 iunctus
945 2586 990 2638 cst
1005 2585 1088 2660 spine

605 2654 654 2722 qui
678 2654 838 2709 stomachus
863 2652 975 2710 dicitur.
1004 2656 1090 2711 sina

605 2724 786 2794 coniungitur
804 2723 963 2793 gulgilioni.
984 2674 1091 2796 3111311-

605 2795 644 2848 lio
663 2811 730 2849 vero
749 2793 882 2864 pulmoni.
