2288 3878
112 147 154 210 16
422 149 613 200 THEODORI
630 149 810 201 PRISOIANI

111 321 163 374 est.
209 314 286 392 apud
319 314 432 394 aliquos
465 314 521 374 hoc
551 331 645 392 genus
677 313 887 373 medicamenti
918 316 1049 393 sycotice
1074 333 1116 394 ap

111 401 244 480 pellatur.

199 491 278 552 aliud
302 499 442 552 rutatum.
488 509 609 570 spumae
634 492 750 569 argenti
773 490 833 551 unc
851 490 928 572 VIII,
952 498 1037 553 rutae
1054 494 1114 553 viri-

110 579 155 639 dis
188 579 326 640 loliorum
355 580 416 640 und
437 579 469 659 V,
501 579 559 639 olei
586 581 696 640 murtei
723 577 783 640 unc
805 579 882 659 VIII,
914 583 993 641 aceti
1020 581 1113 642 libram

82 678 206 729 tunam.
249 668 390 729 miscebis
410 671 509 728 omnia
527 671 655 728 contrita
673 667 833 745 diligenter
852 676 882 729 et
905 667 970 729 loca
991 669 1112 731 fricando

109 758 236 818 curabis.
283 757 335 816 sed
363 759 447 836 prius
477 776 548 818 suco
571 757 722 837 betarum,
750 756 888 817 similiter
915 764 949 817 ut
977 761 1111 838 superius,

108 844 171 906 loca
195 845 317 906 lavanda
340 853 417 906 sunt.

197 934 285 995 alind.
323 952 461 995 cerussae
485 935 544 995 und
567 934 619 1015 Ill,
643 952 764 1014 spumae
785 936 901 1013 argenti
923 934 986 995 und
1003 934 1043 1016 II,
1065 935 1110 995 olei

108 1026 217 1083 murtei
244 1022 311 1103 Illl,
344 1023 495 1102 sulphuris
522 1025 582 1083 vivi
609 1022 669 1084 und
694 1023 754 1083 llll.
802 1025 880 1083 sicca
908 1021 1016 1085 solutis
1043 1041 1109 1085 com·

68 1125 94 1165 10
108 1113 248 1173 miscebis
271 1119 302 1171 et
325 1112 415 1172 simili
439 1112 527 1172 modo
546 1114 650 1172 uteris,
691 1130 751 1171 non
770 1110 866 1172 solum
884 1111 942 1172 hoc
961 1114 1051 1193 capiti
1068 1109 1108 1173 sed

108 1219 226 1280 quoquo
245 1201 310 1261 loco
330 1199 551 1279 emergentibus
570 1199 826 1261 exanthematibus
844 1200 976 1280 prodest.
1017 1199 1107 1281 Apol·

107 1287 197 1348 lonii
219 1289 331 1349 iudicio
354 1288 586 1367 comprobatum.

413 1429 471 1490 VII.
508 1428 553 1489 De
577 1429 807 1511 alopeciosis.

54 1531 96 1596 16
196 1534 347 1612 Contingit
378 1536 451 1595 haec
483 1538 515 1595 in
547 1538 642 1615 capite
676 1536 784 1617 duplex
816 1539 916 1616 passio
950 1539 1104 1599 cadentium

66 1645 92 1687 aa
106 1622 293 1703 capillorum,
325 1632 358 1684 ut
386 1624 543 1704 aliquando
572 1625 688 1686 deiectu
718 1624 846 1705 quodam
875 1626 982 1687 cadant
1009 1635 1039 1688 et
1062 1643 1104 1687 nu·

106 1712 202 1772 dando
225 1720 325 1792 partes
349 1716 454 1792 capitis
477 1721 612 1794 turpent,
635 1713 813 1792 aliquotiens
836 1722 870 1775 nt
893 1733 1000 1776 eorum
1019 1715 1104 1776 vulne·

105 1819 173 1862 rum
204 1802 344 1863 horridus
371 1803 547 1883 plerumque
575 1805 656 1863 visus
686 1811 831 1863 occurrat.
877 1821 949 1882 ergo
977 1805 1104 1880 desectus,

105 1899 138 1951 ut
153 1894 244 1971 ¹prius
268 1892 406 1974 diximus,
430 1911 498 1953 cum
517 1893 677 1970 contigerit
695 1890 846 1952 calvitium
869 1892 948 1952 iacit.
994 1892 1104 1954 foeditas

177 2050 191 2098 1
206 2045 317 2113 aliquos
332 2046 379 2098 Br
395 2044 467 2098 ceta
487 2043 618 2113 antiquos
633 2047 656 2100 b.
729 2044 840 2098 ficotioe
857 2045 913 2100 eet.
935 2043 1105 2115 (efficitioel,

104 2115 240 2171 efficotice
259 2119 297 2185 r):
315 2113 418 2168 ricotia
436 2115 471 2167 Β.
603 2121 619 2168 3
637 2117 764 2169 rutatum
782 2132 831 2171 om.
851 2134 874 2184 r,
894 2113 974 2171 alind
992 2117 1106 2172 moun

104 2205 152 2242 mn,
174 2189 197 2242 b,
289 2200 390 2253 spuma
407 2185 451 2238 rb.
532 2185 598 2240 VIII
617 2187 716 2268 <Gal.):
735 2186 814 2239 VIIII
832 2188 868 2255 Β,
887 2186 940 2241 VII
960 2188 1020 2244 det.
1037 2188 1078 2244 rb.

104 2264 121 2310 4
139 2256 209 2311 folia
222 2258 266 2311 rb.
323 2253 397 2309 aceti
415 2257 450 2310 rb
462 2256 534 2312 Get:
554 2273 630 2310 aeon
644 2258 679 2312 Β.
739 2256 843 2311 librom
860 2274 947 2311 unem
961 2256 1105 2315 Bercl·=

104 2325 185 2392 ὄξους
205 2327 322 2394 κοτύλης
340 2325 473 2393 τέταρτον
494 2326 557 2382 Gat.
653 2333 669 2380 5
688 2327 819 2382 miscebis
839 2328 912 2384 Gelo
931 2328 1042 2400 misoe(i
1056 2328 1106 2396 rl)t

103 2398 180 2452 Bor.
254 2404 270 2452 6
290 2396 340 2450 sed
358 2398 382 2464 b,
401 2396 439 2450 nt
456 2415 484 2453 rx
503 2415 553 2454 om.
573 2398 670 2454 nael.
744 2406 759 2454 7
779 2400 844 2453 aunt
860 2401 943 2455 Bbrz
963 2397 1106 2455 ernnbdcl.

104 2489 120 2537 8
139 2483 218 2538 eliud
238 2486 310 2541 cet:
329 2502 380 2540 om.
400 2487 476 2541 Bbr.
548 2487 589 2540 ΙΠ
603 2487 731 2543 Boou„
750 2503 767 2545 ς
783 2488 845 2542 Gal.
918 2487 1000 2545 HB:
1020 2485 1106 2544 aad.

104 2560 120 2608 9
138 2555 192 2609 ΗΠ
211 2558 269 2626 (sic)
284 2563 349 2627 post
366 2573 419 2611 ras.
440 2558 468 2611 Β
487 2558 528 2627 (τὸ
548 2555 648 2612 ἱκανόν
669 2559 750 2629 Gal).
851 2564 939 2613 8-10
957 2561 1050 2629 baec(

103 2628 167 2682 dedi
184 2644 218 2682 eac
237 2629 278 2683 B:
302 2629 336 2695 of.
358 2627 432 2698 Gal.)
456 2631 496 2684 aio
513 2630 593 2684 babet
613 2629 670 2684 oet.
709 2627 828 2684 Cernsoe
851 2647 913 2684 uno.
932 2629 980 2686 ΙΠ.
1005 2648 1018 2684 s
1090 2626 1096 2639 ’

102 2697 161 2752 vivi
184 2715 245 2754 unc.
264 2699 326 2754 IIII.
351 2715 417 2752 auco
441 2699 549 2754 solutas
573 2699 766 2754 commiscebis
786 2702 815 2754 et
833 2717 853 2755 s.
872 2718 909 2755 m.
930 2717 956 2756 u.
981 2708 1009 2758 et
1031 2704 1070 2758 ain
1083 2700 1107 2754 b:

103 2802 258 2865 Cernes-1·
275 2805 322 2860 III.
360 2782 432 2872 Sino
455 2805 531 2874 porri
549 2805 602 2859 1111
624 2818 661 2866 ÷
682 2808 751 2860 teris
775 2805 910 2861 admisces
934 2808 963 2861 ab
989 2806 1107 2863 uteriad

102 2893 130 2930 τι
150 2874 253 2948 Cerusa,
267 2880 303 2945 ᾗ
316 2876 376 2931 IIII.
392 2893 472 2931 sucos
490 2876 570 2946 porri
581 2877 689 2944 ÷111L
705 2880 735 2932 et
747 2877 842 2931 modia
854 2877 924 2931 toris
938 2872 1108 2933 comiscuit

103 2947 199 3002 uteris.
290 2946 358 3001 sicci
377 2945 470 3002 soluta
488 2947 623 3002 comisces
642 2949 670 3002 Β
689 2950 734 3017 (cf.
755 2949 833 3018 Gal).
916 2949 966 3003 sed
986 2951 1054 3006 Gela
1069 2942 1106 3001 vel

101 3018 178 3074 Bbr.
253 3025 284 3073 11
305 3018 367 3072 loco
387 3019 447 3074 oet.
466 3020 514 3073 br:
533 3017 564 3072 in
582 3018 644 3073 loco
663 3021 698 3074 Β.
773 3024 805 3072 12
821 3020 964 3075 addurctwr
977 3015 1105 3076 aliam

101 3089 134 3143 ip
148 3091 209 3144 bor.
284 3095 317 3144 13
331 3089 373 3142 De
392 3087 509 3159 alopit(c
526 3088 620 3160 b)iosis
634 3090 694 3146 VH.
709 3092 737 3145 Β
756 3097 781 3146 et
799 3093 883 3159 (pum.
903 3094 964 3161 ora.)
980 3093 1009 3147 b:
1033 3100 1106 3146 orat-t

102 3161 137 3227 cf.
161 3161 208 3215 Ps.
229 3160 292 3216 Gal.
311 3177 370 3230 cop.
391 3165 416 3228 1,
431 3166 449 3215 7
465 3160 551 3230 XIV,
569 3165 627 3217 325
641 3162 715 3230 (Gal.
731 3163 800 3216 XII
799 3203 809 3230 ,
827 3164 900 3231 381).
932 3163 1106 3239 definitione?

102 3247 136 3285 ccc
149 3232 291 3287 Theodoro
301 3238 437 3301 seraptem
447 3231 608 3287 Alexandro
618 3235 781 3303 praeposuit
789 3235 839 3287 iot.
851 3233 898 3288 lat.
909 3238 925 3286 1
927 3274 936 3301 ,
947 3238 971 3288 1.
1036 3238 1068 3287 14
1082 3242 1106 3309 131

102 3302 247 3371 oepitebr
267 3302 338 3357 oeta
359 3319 409 3357 om.
428 3301 464 3356 Β.
538 3309 571 3358 16
589 3305 684 3374 parles
704 3304 740 3359 br
755 3304 827 3359 Get:
845 3305 955 3373 partem
974 3306 1010 3359 Β.
1063 3298 1105 3355 ah·

102 3371 232 3441 quotiens
242 3375 279 3442 (-
288 3371 345 3426 cies
356 3375 381 3497 lp
391 3373 482 3428 ntrbz
497 3374 526 3427 et
536 3373 705 3444 aliquotiens
720 3376 752 3428 ut
761 3376 797 3443 Β,
808 3376 837 3428 et
851 3373 1006 3443 aliquando
1015 3375 1047 3428 ui
1056 3367 1105 3428 det

103 3448 136 3498 18
147 3443 289 3514 contigere
305 3489 328 3500 ..
342 3489 347 3500 .
375 3444 472 3498 neiunt
486 3445 545 3501 Get.
596 3444 872 3515 calviciuml-tinm
881 3448 919 3516 r)=
933 3436 1104 3503 einardul-

101 3514 150 3573 fec
168 3518 192 3584 b,
210 3515 281 3571 facit
298 3533 326 3571 r:
346 3514 456 3570 fuciunt
467 3515 535 3586 Get,
553 3514 630 3572 facit.
650 3517 688 3571 At
701 3518 736 3572 Β.
791 3514 939 3591 [feditatis.
959 3516 1014 3570 illa
1027 3516 1069 3571 br.
