2310 3864
483 151 689 207 vmmcum

616 326 728 366 menses
742 326 807 364 ossa
820 310 899 364 dura.
918 310 1008 367 VIIII.
1023 328 1109 367 men·

618 379 656 434 sis
674 383 817 436 maturum
833 380 926 436 movit
946 381 1103 437 infantum.

616 451 885 533 Etperaotisrerum
892 453 1005 506 naturis
1014 453 1105 508 bene·

616 522 689 577 fiei1s
703 525 734 578 et
747 522 872 577 tenebris
882 523 921 578 ad
931 522 1027 579 lucem
1036 541 1106 579 oon·

616 592 709 649 volvit
727 593 873 649 infantem.

100 735 187 816 ·(21¹)
197 731 358 814 continetur
367 734 463 814 autem
471 731 589 815 inutero
632 733 946 817 ⁶(21¹)iumnli·eribus
1090 765 1107 778 ·

82 805 591 955 staineinaim
616 804 811 957 ἓέῗωὲᾞὲ
839 808 989 932 ata
1018 807 1107 947 „itt

83 945 158 1000 oculi
182 948 247 1000 sunt
269 946 364 1014 posita
386 946 467 1010 (Isid.
484 946 545 1012 XI,
563 950 590 1012 1,
618 961 683 1000 eum
709 946 811 1002 muher
835 945 933 1017 puella
959 946 991 1001 in
1019 951 1105 1002 utero

82 1021 150 1084 108)
171 1016 246 1071 unde
259 1015 312 1070 hec
325 1014 466 1070 tumentia
480 1018 510 1070 et
525 1032 591 1070 oon·
618 1016 753 1072 habuerit
789 1021 949 1072 senextram
979 1022 1103 1088 partem.

84 1104 155 1142 oava
184 1086 258 1141 oculi
286 1086 358 1141 adeo
386 1102 473 1154 quam
498 1085 590 1155 primo
619 1086 739 1143 stabilit.
764 1087 810 1143 Sio
833 1091 863 1143 et
881 1088 980 1143 ooulus
998 1088 1107 1143 mulier

82 1157 132 1212 ille
143 1157 258 1212 nomina
271 1173 365 1212 rerum
378 1159 482 1211 natura
495 1156 592 1226 posuit
618 1158 759 1213 tumedus.
778 1158 874 1214 habet.
894 1162 923 1214 et
938 1159 1026 1214 tarde
1044 1177 1107 1214 am·

82 1245 158 1299 genu
168 1232 198 1282 et
211 1244 291 1298 gene.
308 1227 429 1295 denique
444 1245 508 1282 oum
522 1245 591 1298 agro
618 1228 702 1283 bulat
729 1228 754 1282 si
781 1232 878 1284 autem
902 1246 1025 1299 puerum
1053 1230 1107 1285 ha

84 1299 180 1353 dolore
204 1301 254 1353 aut
279 1297 414 1353 iniuriam
431 1298 592 1368 acceperint
618 1299 714 1355 buerit
736 1317 884 1355 mensuum
906 1317 956 1355 sex
979 1300 1106 1357 stabilit.

83 1369 211 1424 homines
235 1369 273 1423 ad
295 1385 389 1438 genua
412 1385 442 1423 se
469 1372 591 1438 proster-
621 1370 650 1424 Si
664 1370 695 1424 in
708 1370 853 1426 dexteram
865 1373 979 1440 partem
993 1375 1025 1426 et
1039 1388 1110 1426 oeu-

83 1442 161 1496 nant.
186 1439 285 1494 statim
306 1439 491 1495 lacrimantur
511 1442 591 1509 (Isioi.
619 1441 664 1495 lus
683 1441 786 1495 mulier
804 1459 890 1496 cavus
908 1440 1056 1498 habuerit.

84 1513 262 1579 Xl‚1,109)
283 1509 472 1577 oeulieorum
489 1513 592 1566 natura

84 1580 206 1652 movisse
220 1580 306 1634 ⁸olem
319 1571 439 1659 mQrJero
453 1584 590 1637 materno.

83 1668 135 1722 per
151 1667 253 1707 novem
266 1650 370 1705 mensis
385 1651 509 1706 sociatus
522 1652 592 1706 fnis-

86 1726 137 1778 set.
162 1723 212 1777 sed
229 1721 335 1777 multus
359 1722 445 1776 audio
465 1722 591 1778 dieentes

86 1795 212 1849 sinatus
236 1796 265 1848 et
292 1792 385 1848 infans
408 1809 473 1847 eum
497 1793 592 1864 tangit

84 1869 161 1920 terra
179 1881 278 1920 vocem
296 1864 353 1919 dat.
372 1864 427 1918 hoe
446 1864 498 1934 se(i
511 1867 592 1933 corr.)

87 1939 180 1991 essent
190 1936 322 1990 mulieres
333 1934 382 2002 qui
392 1951 466 1989 nave
477 1935 592 2005 pariant

86 2007 191 2062 multos
204 2009 233 2075 (i.
249 2025 269 2062 e.
284 2008 387 2075 mutos)
406 2005 555 2062 nutrirent.

121 2148 190 2217 (21²)
204 2150 236 2202 ut
250 2146 323 2201 soias
337 2146 439 2203 mulier
452 2164 517 2210 eum
529 2163 592 2216 pre·
656 2148 724 2217 (21¹)
732 2147 827 2201 Infans
835 2150 931 2201 autem
940 2151 1116 2206 contenitur

85 2235 176 2288 gneus
195 2218 281 2273 fuerit
298 2217 334 2272 in
352 2218 474 2272 dextra
491 2221 592 2287 parte
621 2218 809 2272 siosummam
817 2219 1112 2289 partemcapitisori-

86 2288 252 2344 constabilit
275 2304 370 2343 semen
391 2306 472 2343 suum
490 2289 550 2342 haeo
567 2290 592 2342 si
619 2288 702 2343 nibus
713 2289 879 2344 contenitur.
896 2305 993 2357 genua
1008 2295 1112 2347 autem

84 2377 172 2430 puero
191 2359 310 2414 habebit
331 2375 427 2414 mense
451 2363 530 2414 sexto
550 2376 591 2414 se·
620 2359 709 2414 oculis
720 2363 785 2414 sunt
798 2359 935 2429 opposita.
954 2360 1041 2416 Unde
1054 2363 1111 2418 hee

85 2430 147 2485 mis.
168 2446 197 2484 se
218 2429 287 2484 timo
306 2446 401 2484 mense
420 2429 512 2484 faetus
531 2429 592 2499 ipse
620 2433 686 2484 sunt
695 2430 838 2485 tumenoia
847 2432 877 2484 et
886 2447 1021 2486 oonoava.
1031 2433 1109 2488 adeo

87 2499 189 2555 octabo
198 2448 332 2555 babuerit
342 2500 431 2555 sedin
442 2500 592 2555 sinixtra
620 2503 758 2569 quantum
775 2500 897 2570 primum
911 2499 972 2554 illis
986 2504 1110 2558 nomina

86 2573 168 2642 parte
183 2571 276 2624 adhiio
286 2570 382 2625 oculus
392 2570 518 2626 tumidus
532 2589 592 2626 mu·
619 2589 716 2625 rurum
733 2574 837 2625 natura
855 2570 983 2639 inposuit
999 2590 1107 2641 genua.

86 2642 139 2704 lior
152 2640 279 2696 habebit.
298 2643 367 2696 tuno
383 2641 549 2696 constabilit
562 2641 592 2696 in
620 2645 649 2696 et
667 2642 806 2711 genedius
821 2658 874 2708 que
889 2658 952 2695 cum
967 2659 1040 2712 agro
1058 2645 1109 2699 do-

87 2713 187 2767 dextra
200 2713 282 2782 parte
290 2728 368 2782 puer.
385 2711 486 2766 deinde
496 2712 592 2782 puella
619 2712 679 2767 lore
698 2715 748 2766 aut
766 2711 871 2765 iniuria
893 2716 1020 2782 accepta.
1048 2715 1109 2770 Ho-

86 2800 181 2838 mense
200 2783 300 2851 quinto
323 2782 487 2837 sextosemis
507 2783 592 2838 vertit
619 2782 704 2836 minis
716 2782 753 2836 ad
767 2785 1108 2864 genuaseprosternunt.

86 2855 117 2908 in
136 2854 251 2908 sinistra
275 2856 356 2923 parte
376 2852 473 2908 oculus
490 2853 593 2909 mulier
620 2853 708 2922 siquis
736 2869 812 2907 emm
834 2852 1021 2907 lacrimantur
1045 2856 1110 2911 vol-

87 2925 179 2979 clarus
199 2929 228 2980 et
245 2924 349 2979 rubeus
366 2923 501 2979 habebat.
619 2923 663 2977 uit
686 2939 734 2978 eos
757 2928 867 2978 natura.
889 2923 1058 2980 meminisse
1078 2943 1109 2981 se

621 2994 721 3049 oleum.
742 2993 811 3048 Cum
828 2994 859 3047 in
876 2997 957 3048 utero
972 2999 1109 3052 materno

640 3081 670 3119 er
701 3081 803 3119 novem
839 3064 942 3118 mensis
977 3067 1109 3123 sociatus

651 3135 728 3190 isset.
753 3137 803 3190 sed
821 3135 926 3189 multus
946 3136 1044 3192 audeo
1067 3139 1110 3193 di·

621 3208 715 3261 eentes
734 3208 802 3260 tuno
821 3205 914 3260 infans
933 3223 1037 3261 vocem
1058 3211 1112 3265 dat

621 3294 684 3330 eum
694 3280 770 3331 terra
780 3276 916 3346 tetigerit.
926 3276 988 3330 Hoe
1000 3279 1027 3332 si
1038 3281 1112 3336 essit

620 3346 747 3401 mulieris
766 3364 820 3416 que
845 3347 876 3400 in
893 3363 967 3401 nave
986 3351 1112 3418 pariunt

620 3420 713 3472 motus
731 3417 865 3487 perirent.

810 3522 922 3589 men)
