2288 3878
494 165 696 216 VINDICIANI

609 323 612 470 l

92 996 196 1066 Incipit
215 993 367 1065 epistola
382 994 420 1047 de
435 993 599 1062 conpagi-

93 1068 194 1122 nibus
205 1068 238 1120 et
253 1067 292 1119 de
307 1064 533 1132 conceptione
548 1063 599 1116 in·
626 1064 730 1134 incipit
748 1064 895 1133 genecia
909 1065 1118 1126 vindiciani

288 1135 407 1189 fantis.
787 1136 954 1192 auctoris.

131 1225 305 1296 (llProfessa
320 1223 414 1278 officia
422 1227 520 1278 nostra
533 1240 599 1277 nam

97 1298 128 1351 in
138 1295 366 1366 exponlcn)tibus
378 1295 507 1348 omnibus
517 1297 599 1362 quat-

95 1371 161 1422 tuor
197 1383 257 1420 esse
290 1369 409 1434 oportet.
451 1365 600 1420 scientiam

95 1437 261 1491 memoriam
283 1436 431 1490 consilium
456 1436 598 1490 virtutem.

94 1526 181 1578 quam
189 1506 316 1577 potantis
326 1507 370 1560 sui
382 1507 599 1576 cognationibus

95 1582 124 1634 et
139 1577 279 1633 elimentis
293 1577 508 1645 probationibus
522 1580 599 1632 tuta-

93 1652 203 1705 verunt.
236 1651 269 1702 ut
300 1648 459 1703 invenirent
488 1651 601 1703 tantam

93 1721 234 1776 rationem
252 1719 521 1789 interrogationibus
538 1718 600 1788 qui-
664 1718 771 1783 Quibus
796 1717 906 1772 ossibus
930 1721 978 1774 vel
1008 1724 1114 1792 quibus

94 1793 148 1847 bus
168 1791 278 1845 ossibus
297 1794 326 1845 et
344 1791 437 1844 nervis
456 1790 502 1845 vel
520 1789 599 1845 venis
627 1789 832 1859 conpaginibus
847 1789 894 1844 vel
908 1791 1015 1858 quibus
1032 1797 1114 1851 venis

93 1866 123 1919 et
151 1862 253 1931 quibus
281 1862 470 1916 commissuris
504 1877 599 1915 omnes
627 1860 754 1914 homines
774 1860 955 1916 continentur
972 1865 1022 1918 vel
1045 1884 1114 1936 quo-

95 1935 297 1989 contineamur.
329 1933 376 1987 vel
404 1933 544 2001 quomodo
570 1931 600 1984 in
627 1932 711 1986 modo
738 1931 769 1985 in
798 1934 878 1985 utero
906 1936 1040 1992 materno
1069 1938 1113 1991 in-

95 2009 175 2060 utero
194 2006 322 2058 materno
337 2021 540 2074 cognuscamur
553 2002 600 2056 vel
627 2002 720 2056 fantes
741 2002 929 2070 quacolantur
947 2007 1114 2078 (coagolan-

93 2079 244 2146 portemus
272 2092 336 2128 cum
360 2075 398 2128 sit
421 2073 504 2127 huius
530 2072 599 2127 artis
627 2075 673 2127 tur
687 2091 703 2128 c
718 2077 786 2143 erec)
798 2073 845 2128 vel
858 2073 1027 2132 formantur.
1048 2096 1114 2134 cum

92 2146 251 2201 medicinae
265 2145 356 2215 grecis
373 2145 477 2199 actoris
491 2143 601 2214 placuit
629 2144 685 2198 sint
694 2143 778 2197 huius
789 2144 858 2199 artis
868 2146 1018 2203 medicine.
1034 2151 1113 2219 greci

95 2218 232 2286 quosdam
255 2216 305 2284 qui
331 2215 416 2269 huius
439 2215 517 2269 modi
544 2231 600 2268 ser·
629 2214 716 2269 etiam
726 2218 863 2270 auctores.
874 2216 984 2284 placuit
993 2224 1114 2290 propter

93 2304 176 2343 mone
195 2287 329 2357 ignorant
351 2286 381 2339 in
404 2286 495 2341 latino
514 2286 599 2340 inter-
628 2287 933 2355 quondam(quendam
946 2307 971 2358 o,
987 2308 1112 2358 quorun-

93 2358 201 2428 pretari
218 2357 448 2412 anatomicorum.
468 2357 539 2410 hacc
558 2359 601 2410 est
649 2374 696 2411 am
712 2360 749 2428 se)
772 2357 856 2411 huius
879 2359 957 2411 modi
982 2378 1113 2418 sermone

96 2428 270 2498 superiorum
299 2430 439 2480 sectarum
462 2427 601 2482 rationem
629 2427 719 2497 (—nis
735 2429 772 2498 ee)
790 2428 951 2501 ignorantie
967 2433 1063 2499 (—am
1077 2439 1114 2503 ee)

95 2499 176 2554 vobis
196 2514 342 2567 exponere.
588 2531 589 2534 =
629 2497 1114 2572 inlatinitatemdatinumse)inter-

628 2572 741 2640 pretare
756 2570 812 2638 (-i
830 2574 876 2638 se).
897 2574 926 2624 ct
941 2572 982 2626 sic
1000 2591 1115 2631 omnem

629 2640 769 2695 rationem
788 2657 934 2709 exponere.

133 2822 172 2884 (2)
192 2815 312 2870 maiores
336 2814 411 2869 enim
434 2816 525 2869 nostri
547 2818 601 2872 hoc
664 2821 704 2888 (2)
722 2817 843 2871 maiores
859 2816 969 2885 (-ibus
983 2825 1021 2890 ce)
1038 2823 1117 2877 enim

97 2892 140 2944 est
147 2887 254 2958 priores
262 2888 309 2942 vel
317 2886 442 2955 antiquis
450 2886 481 2941 in
488 2887 602 2942 alexan·
629 2891 740 2942 nostros
750 2887 820 2959 (-is
830 2892 866 2958 se)
881 2889 935 2943 hoc
950 2893 994 2944 est
1002 2893 1115 2960 priores

97 2960 159 3015 dria
195 2958 328 3029 gentibus
360 2957 518 3013 medicinae
551 2960 602 3013 lu·
630 2959 786 3029 (-ibusce)
800 2959 831 3014 in
845 2960 1012 3016 alexandria
1026 2981 1115 3034 agen-

96 3032 201 3102 pione
219 3031 275 3085 uel
294 3031 399 3101 opphi
418 3033 452 3085 et
475 3030 602 3085 erofilo
629 3030 707 3085 tibus
730 3030 879 3086 medicina.
904 3031 935 3085 id
953 3035 998 3086 est
1022 3033 1115 3106 lup'o.

96 3103 267 3169 heresque
300 3103 459 3156 servatus
493 3101 603 3155 asclc-
629 3117 744 3171 peone.
772 3101 951 3157 filiatro.
981 3107 1116 3160 erasi-

96 3173 219 3243 piades
234 3175 267 3226 et
281 3189 449 3241 yppocras
464 3173 602 3242 ctapol-
630 3175 753 3228 strato.
772 3175 946 3242 ypocrate.
966 3176 1001 3228 ct
1015 3178 1116 3245 apol-

97 3243 191 3297 lonio
205 3245 234 3296 et
252 3244 352 3296 ceteris
371 3243 546 3297 anatomicis.
571 3243 604 3296 id
630 3243 750 3298 lonio.
789 3247 818 3298 et
850 3243 950 3298 ceteris
983 3249 1116 3303 auctores

98 3317 141 3369 est
170 3313 356 3367 securioribus
389 3314 491 3382 quibus
521 3314 603 3368 licuit
631 3314 741 3384 (—ibus
760 3318 807 3382 ee).
832 3313 941 3384 placuit
959 3315 1000 3369 eis
1017 3333 1115 3375 secare

97 3387 224 3439 mortuus
235 3383 343 3454 aperire
352 3387 380 3438 et
389 3387 561 3454 temptarent
570 3388 603 3439 ut
630 3385 767 3439 amortuis
782 3389 827 3455 (=
842 3402 877 3454 se,
896 3403 917 3440 s.
936 3389 1064 3443 mortuos
1084 3394 1115 3446 et

98 3456 202 3511 scirent
232 3455 307 3508 unde
335 3455 535 3524 pereclitarent
556 3455 602 3509 vel
629 3455 781 3530 lan<i>are
800 3461 835 3521 ol.
862 3457 895 3509 ut
919 3455 1023 3513 scirent
1042 3477 1114 3527 quo-

310 3536 332 3592 Ι
337 3536 387 3611 (G)
824 3536 864 3590 Π
874 3536 924 3605 (L)
