2288 3878
94 148 160 214 238
416 152 801 206 rnnonoarrarscnm

96 321 304 396 purgationem
332 319 484 398 sanguinis
508 324 693 395 extorquere.
739 325 769 377 at
792 334 846 397 ego
876 316 993 378 blandis
1022 337 1107 398 quam

95 409 235 468 causticis
249 408 344 485 magis
362 408 564 486 conceptionis
580 423 666 467 causa
680 404 884 485 procurandae
901 409 1107 486 purgationem

96 495 201 557 sedare
225 494 305 556 volui
328 513 415 575 qnam
444 502 629 574 extorquere.
676 493 860 554 commodius
888 502 935 555 est
962 498 1044 557 enim
1067 499 1108 558 sic

96 584 269 665 impendere
297 584 426 644 osticium
455 583 620 644 medicinae
642 590 677 644 ut
703 601 771 644 cum
794 589 963 662 susceptam
991 603 1106 647 causam

69 691 201 735 acurare
225 674 369 754 coeperis,
392 672 448 733 alia
471 689 531 732 non
554 680 681 732 creetur.

42 746 84 809 21
187 769 256 822 sunt
292 760 347 821 alia
385 760 443 821 duo
481 777 589 840 genera
623 760 836 840 pessariorum,
875 758 985 839 quibus
1023 764 1108 824 etiam

96 853 271 930 magister
293 867 391 910 meus
414 856 445 909 et
470 849 677 929 purgationem
705 848 850 910 inoffense
874 866 906 909 se
929 867 1106 932 procurasse

95 941 282 1019 frequentius
313 945 473 999 testaretur
505 945 535 997 et
571 939 774 1016 conceptionis
807 937 903 998 officia
936 938 1107 1017 perfecisse.

97 1047 171 1108 quae
196 1030 239 1089 sic
263 1026 445 1088 conficiebat.

55 1135 80 1174 ro
186 1115 366 1197 opobalsami
387 1128 432 1178 -τ-
450 1114 476 1197 l,
498 1115 663 1194 peucedani
684 1125 729 1177 ÷
747 1113 773 1195 l,
796 1113 1005 1176 aristolochiae
1023 1116 1106 1197 ÷1‚

93 1223 212 1267 murrae
236 1212 266 1266 et
288 1206 369 1285 croci
394 1206 561 1264 semuncias
588 1202 727 1284 singulas,
749 1202 896 1263 medullae
919 1207 1058 1266 cervinae
1078 1213 1107 1265 st

94 1294 190 1373 adipis
214 1295 346 1355 anserini
367 1295 471 1354 uncias
495 1291 625 1371 singulas
649 1293 747 1352 semis.
781 1309 915 1352 seorsum
941 1311 1017 1371 quae
1040 1302 1105 1354 tun·

94 1382 189 1441 denda
214 1390 283 1443 sunt
310 1379 502 1441 cribellantur
525 1388 555 1441 et
577 1381 681 1442 solutis
711 1399 747 1441 ex
774 1399 857 1441 more
884 1382 1053 1443 miscentur
1074 1390 1106 1444 ut

94 1472 261 1548 pessarium
284 1470 342 1529 fiat.
384 1469 439 1530 boc
462 1471 591 1548 primum
614 1471 779 1549 pessarium
803 1468 920 1549 expleto
938 1487 1008 1531 mox
1032 1479 1105 1531 tem·

164 1682 179 1729 1
200 1683 231 1730 at
249 1677 441 1746 ego-quibus
456 1677 485 1730 et
502 1675 711 1746 magisterare
730 1675 796 1730 baec
813 1675 908 1731 ordine
926 1678 1103 1733 membrorum

87 1749 251 1820 pertentato
270 1749 356 1817 (quem
374 1750 492 1803 correxit
509 1748 649 1816 Gelenius)
667 1749 707 1802 sic
725 1746 852 1817 leguntur
862 1749 894 1801 in
908 1746 1018 1819 Bsurp
1031 1751 1103 1819 (post

92 1820 274 1890 extorquere).
304 1817 481 1874 Commodius
504 1821 548 1873 est
573 1818 649 1872 enim
664 1861 669 1872 .
682 1861 706 1873 ..
723 1819 839 1872 creetur.
867 1817 939 1872 Sunt
963 1817 1024 1872 ulia
1049 1818 1102 1874 duo

92 1908 198 2019 tim
212 1889 775 2031 tittaibtatttitatttittt
789 1886 1104 2028 diffidati?

94 2036 175 2105 Geti:
194 2033 286 2105 magis
304 2031 417 2087 blandis
432 2047 516 2101 quarn
534 2030 666 2085 causticis
676 2030 712 2085 B.
784 2035 800 2082 2
819 2030 1019 2102 causaBs⁰r9
1031 2033 1101 2088 Get:

93 2121 176 2160 cause
194 2108 215 2174 f,
235 2121 299 2159 cure
317 2122 341 2159 e.
430 2101 620 2172 procurandas
638 2099 820 2170 purgationes
841 2101 899 2156 Get.
990 2107 1006 2154 3
1024 2101 1102 2157 volui

91 2179 146 2249 sep
161 2175 261 2246 (voluit
278 2177 317 2244 u):
335 2173 450 2229 voluero
469 2173 505 2228 B.
600 2178 616 2224 4
635 2172 765 2240 suscepta
783 2173 805 2240 ('
828 2173 857 2226 te
875 2173 902 2241 a)
920 2187 1007 2226 causa
1025 2175 1060 2240 fe
1077 2180 1102 2230 et

91 2251 149 2318 (qui
163 2247 254 2303 curari
268 2245 401 2315 coeperit)
412 2245 469 2300 Get.
478 2245 570 2312 (-am
579 2243 673 2314 Bru).
730 2250 745 2296 t
760 2244 869 2297 creetur
878 2243 905 2296 B
915 2246 987 2311 (cunr
1001 2261 1102 2299 rasura

91 2323 163 2375 inter
181 2320 258 2386 e—e)
277 2324 302 2372 et
319 2335 369 2388 sp:
388 2313 512 2370 creditur
528 2315 697 2383 {stauretur
717 2314 794 2383 Get).
849 2319 865 2366 6
884 2313 975 2382 (Sunt)
990 2317 1020 2368 et
1036 2316 1100 2370 add.

94 2391 153 2446 Get.
243 2387 342 2443 etiam:
361 2387 419 2441 iam
436 2385 473 2454 B,
492 2386 521 2438 et
534 2387 574 2454 (g)
588 2403 633 2456 ry,
652 2401 703 2440 unt.
721 2385 755 2452 fu
766 2385 824 2440 Get.
931 2383 1128 2440 tinoffense'

92 2463 169 2528 (-sa
182 2478 206 2530 r,
225 2476 290 2530 —se
308 2461 336 2528 9)
350 2457 431 2529 Bsp:
450 2455 480 2508 in
498 2453 650 2510 offensione
668 2473 692 2510 u.
765 2470 795 2508 se
814 2456 890 2526 Bru:
910 2472 959 2511 ont.
978 2459 1013 2523 so
1028 2459 1100 2526 (pro-

90 2545 187 2584 curare
206 2546 235 2584 se
256 2531 333 2598 Get).
396 2534 414 2582 8
432 2525 581 2596 perfecisse
599 2527 649 2597 Bp
660 2525 732 2582 Gela
752 2528 829 2580 -set
846 2527 907 2594 fer.
980 2532 1015 2581 10
1034 2543 1100 2597 opo·

89 2599 212 2655 balsami
230 2607 277 2656 etc.
295 2600 427 2669 genitivos
444 2598 543 2652 tutent
556 2598 614 2669 Bp,
632 2614 689 2668 pen.
710 2603 735 2652 et
753 2613 808 2652 ure.
826 2599 926 2653 mentm
943 2599 997 2665 rso
1016 2601 1100 2667 (ordi-

89 2689 149 2726 nent
159 2687 213 2742 pro
223 2670 392 2741 ponderibus
404 2671 444 2724 sie
456 2675 543 2724 mutat
556 2687 585 2741 p:
606 2667 629 2723 0
651 2667 789 2722 obalsami
803 2667 965 2749 aristologie
980 2673 1025 2723 ari·
1037 2669 1099 2728 ÷1.

89 2741 245 2813 peucedani
263 2754 295 2801 ÷
312 2739 339 2795 S.
362 2756 454 2809 myrra
472 2744 507 2794 Ec·
527 2747 562 2794 an
580 2748 605 2803 5.
678 2783 683 2794 .
711 2738 833 2812 medullp
858 2755 976 2811 cervrnp.
1005 2739 1100 2810 adipis

90 2812 213 2868 anserini
231 2817 268 2867 ab
282 2819 307 2877 3.
317 2811 376 2881 Vl.)
425 2810 581 2882 peucedani
599 2827 661 2865 une.
675 2810 708 2866 IS
724 2810 782 2866 aaz.
796 2811 840 2880 (cf.
855 2829 881 2882 9,
899 2812 945 2866 sed
960 2811 1003 2868 sl
1017 2830 1034 2866 r
1047 2814 1067 2866 i.
1077 2829 1098 2867 e.

88 2885 206 2956 ÷1.r).
299 2889 332 2937 11
351 2898 462 2953 myrrae
481 2885 510 2938 et
528 2882 600 2938 croci
620 2880 776 2937 semuncias
794 2881 920 2952 singulas
939 2881 980 2938 B:
1003 2899 1100 2936 murra

89 2955 160 3027 drag
174 2958 207 3026 (2
223 2957 250 3026 u)
263 2954 323 3011 ΠΠ.
338 2970 418 3009 croco
433 2957 537 3025 (-t'1u)
555 2955 626 3024 drag
641 2953 678 3023 (d.
693 2955 727 3022 u).
742 2951 801 3007 IIII.
816 2954 861 3020 fv,
881 2969 1004 3007 murram
1018 2956 1049 3007 et
1061 2958 1098 3009 c*c

89 3043 152 3084 ana.
166 3034 192 3089 5.
206 3027 266 3081 ΙΠΙ.
280 3029 346 3098 r(g).
418 3025 543 3081 medulla
561 3024 673 3080 cervina
687 3023 757 3094 drag
771 3023 799 3091 (d
813 3027 839 3094 c)
849 3023 882 3078 V.
898 3023 996 3093 adipes
1015 3040 1097 3080 ansa-

89 3101 115 3167 (e
128 3096 230 3168 opines
250 3097 321 3168 drag
335 3097 364 3168 (d
376 3099 404 3168 a)
416 3097 463 3152 VI.
478 3099 525 3166 fu,
548 3095 674 3151 medulla
695 3094 808 3150 cervina
832 3094 929 3176 adipes
952 3094 1099 3150 anserinus

89 3185 151 3224 ana.
170 3177 195 3232 5,
207 3168 253 3223 VI.
267 3171 332 3240 rte).
446 3173 478 3223 12
497 3170 543 3237 (m.
563 3185 585 3223 e.
605 3169 634 3221 et
653 3183 678 3221 a.
698 3168 733 3235 a.)
751 3165 849 3220 uncias
868 3165 994 3236 ungulas
1013 3167 1097 3222 semis

89 3244 154 3309 (ana
172 3256 234 3294 unc.
252 3239 285 3295 IS
301 3240 383 3309 Geli:
409 3238 565 3294 semuncias
584 3236 718 3309 singulas.
738 3235 851 3291 Semina
864 3239 1096 3308 (seorsum...)B.

89 3317 121 3367 12
142 3307 703 3380 seorsum-fiatBGel.t):pessi1facis
722 3308 873 3376 (tuntumt).
892 3307 952 3362 Hoc
971 3309 1097 3380 [pessum

87 3381 158 3437 facis
176 3382 237 3438 hoe.
255 3399 280 3452 r,
298 3383 452 3452 pessulae
482 3379 541 3434 aeis
558 3381 588 3506 9}
605 3381 705 3460 rusa..
790 3377 936 3461 tundenda
956 3380 1027 3435 Get:
1047 3381 1097 3434 ad·

89 3454 183 3509 denda
200 3455 236 3510 B.
310 3457 343 3508 13
362 3455 402 3508 ut.
421 3471 448 3523 p.
466 3451 519 3507 fiat
538 3452 578 3508 Ge
590 3475 609 3507 .:
632 3452 664 3504 ut
683 3466 722 3504 sic
740 3451 812 3504 tnsrs
830 3466 971 3519 pensamus
989 3451 1041 3505 fiat
1058 3451 1096 3506 B.

85 3531 122 3580 14
143 3525 205 3582 Hoc
230 3523 322 3598 primo
348 3522 474 3595 pessaria
496 3524 625 3592 exempto
652 3536 717 3575 mox
740 3522 866 3590 tempore
888 3520 1005 3593 Bftrp),
1034 3521 1097 3576 Hoc

439 3832 489 3846 a·-
635 3820 761 3846 -s
