2288 3878
74 155 118 219 26
384 156 574 210 THEODORI
590 155 770 208 eumcum

74 328 162 401 petus
195 319 358 382 adhibenda
391 329 473 400 suut,
505 319 691 399 arnoglossos
721 321 850 380 contrita
872 338 942 382 cum
967 320 1089 403 salibus,

76 417 127 471 aut
148 409 259 489 lapathi
282 410 398 470 radices
421 412 452 470 in
476 411 543 468 vino
567 410 715 490 decoctae,
738 415 768 469 et
790 415 873 469 rutae
894 408 966 470 lolia
984 411 1089 472 viridis

76 500 146 559 trita
179 500 270 559 mixta
301 516 369 559 cum
401 499 546 558 cerotario
579 515 615 557 ex
643 496 708 559 oleo
735 514 821 557 roseo
849 504 1033 579 temperato,
1060 507 1090 560 et

77 587 201 666 sulphur
218 589 316 647 vivum
335 605 403 647 cum
421 585 539 646 cimolia
553 587 656 664 aequis
670 584 853 664 ponderibus
868 603 937 646 cum
951 589 1089 666 axungia

47 679 120 736 osio
149 677 198 737 tici
225 677 351 753 pingues
379 677 410 735 in
437 676 533 734 muria
560 674 699 734 decoctae
727 680 756 734 et
779 675 925 735 contritae
949 675 1089 737 similitor

76 783 180 825 causas
203 762 328 823 latentes
352 770 554 823 evocaverunt

165 851 273 931 quibus
296 869 366 910 vero
389 869 443 930 per
466 852 578 910 saniem
602 850 797 929 digestionem
819 849 959 912 volumus
981 870 1089 931 procu·

77 943 145 1022 rari,
171 949 238 1020 post
261 940 423 999 lomentum
446 957 589 1017 aquarum
612 938 837 999 chalasticarum
860 957 897 999 ex
921 940 1089 1002 seminibus

76 1029 132 1090 lini
155 1030 233 1089 lacni
251 1029 350 1106 graeci
376 1027 462 1087 ibisci
486 1035 516 1087 et
539 1026 644 1087 hordei
662 1024 823 1106 pollinihus
846 1045 915 1088 cum
933 1027 1088 1090 meliorato

38 1132 64 1172 10
80 1118 156 1178 lacto
175 1116 381 1196 cataplasmate
400 1117 572 1176 serviemus.
610 1123 680 1175 sunt
699 1133 826 1194 namque
846 1115 993 1177 adiutoria
1013 1135 1089 1196 quae

78 1214 108 1266 et
131 1224 252 1266 evocare
276 1208 360 1265 etin
383 1205 583 1265 maturitatem
606 1221 712 1282 cogere
735 1203 886 1283 parotidas
904 1202 952 1265 vel
973 1213 1090 1285 aposte-

77 1300 155 1354 mata
187 1294 302 1354 valeant
332 1293 413 1354 haec.
463 1291 568 1351 hordei
604 1292 698 1353 larina
730 1310 799 1353 cum
830 1291 1003 1373 meliorato,
1040 1293 1091 1356 ali·

79 1383 195 1460 quando
223 1384 312 1442 etiam
340 1400 407 1441 cum
435 1398 510 1459 aqua
542 1382 657 1441 marina
683 1387 713 1440 et
745 1378 809 1440 oleo
842 1398 929 1442 roseo
962 1390 1016 1444 aut
1044 1402 1091 1462 cp·

77 1472 164 1547 prino
188 1476 357 1548 temperata.
404 1476 433 1529 et
460 1470 509 1529 fici
541 1468 681 1529 similiter
706 1470 833 1547 pingues
859 1471 891 1529 in
918 1472 1018 1531 muria
1046 1469 1091 1532 vel

38 1569 64 1612 ιι
78 1560 109 1617 in
146 1576 220 1636 aqua
253 1559 366 1617 marina
397 1557 535 1617 decoctae
568 1564 597 1616 et
632 1558 776 1617 contritae
811 1559 1017 1636 imponuntur.
1063 1568 1093 1620 et

77 1646 162 1706 belae
196 1653 295 1706 coctae
324 1648 355 1706 in
387 1664 461 1724 aqua
493 1647 637 1705 contritae
675 1644 813 1706 similiter
844 1654 1016 1724 operantur.
1062 1655 1091 1710 et

150 1894 164 1941 1
185 1889 360 1959 arnoglossos
380 1887 490 1944 Beata
511 1884 626 1956 -glosa
644 1888 668 1955 b,
688 1885 833 1956 —glosum
851 1903 873 1940 r.
948 1887 1094 1960 alapacii

77 1960 205 2029 Boura,
224 1959 294 2015 —tii
311 1979 335 2017 r.
444 1956 553 2011 radices
625 1956 741 2011 decocta
759 1955 879 2023 (attrita
897 1957 963 2013 add.
978 1960 1008 2028 b,
1029 1963 1094 2016 item

77 2034 125 2102 qai
142 2048 192 2087 om.
213 2035 242 2085 et
259 2033 340 2085 rutae
358 2034 383 2099 r)
402 2031 438 2084 br
449 2028 520 2084 Get:
539 2026 682 2082 radicibus
699 2026 878 2083 decoctis
897 2028 933 2083 B.
1051 2031 1092 2085 vi·

76 2102 146 2157 ridie
160 2102 257 2159 chi:
276 2100 379 2154 viridia
398 2100 452 2154 Br.
539 2104 555 2151 8
574 2115 609 2152 ex
628 2099 746 2154 dedici:
765 2099 794 2152 et
813 2098 848 2154 Β.
930 2100 1092 2171 temperato

77 2174 207 2230 abaci:
227 2173 293 2225 -ta
311 2189 333 2227 r.
420 2169 655 2238 et-ponderibus
674 2169 701 2224 B
714 2169 784 2225 Gal:
804 2168 894 2223 sulfur
911 2168 1012 2225 vivum
1026 2173 1090 2234 -3-I.

76 2244 133 2313 ci(y
146 2242 261 2325 bhnolia
278 2253 315 2323 -:5
328 2240 348 2295 Ι.
369 2242 414 2296 br.
527 2245 552 2322 4·
563 2257 625 2294 cum
645 2238 769 2310 axungia
786 2241 814 2293 B
825 2239 897 2296 aaa:
908 2241 962 2364 ἑοῖ
980 2244 1048 2301 add.
1068 2245 1092 2314 b)

76 2311 871 2465 bibiriigeeitbiilpwb)bli16el.:bdbbbcii{ilcoiriiiiiliiiiti
890 2315 1094 2465 QeBcpcmaiep

77 2469 169 2508 muna
188 2454 246 2510 Get.
266 2448 308 2522 (ἐν
327 2452 399 2524 ἅλμῃ
412 2456 476 2525 pat:
495 2469 546 2508 om.
560 2454 596 2522 Β,
615 2471 646 2506 ιιι
663 2451 755 2507 mulsa
769 2454 805 2508 dr
818 2454 892 2521 (tum
905 2454 986 2520 safra
1000 2459 1090 2527 o.14).

78 2533 94 2580 6
113 2526 301 2579 evocaverunt
318 2525 345 2577 B
364 2526 475 2593 (-vere
495 2524 576 2593 Geli:
596 2529 684 2578 -caf
702 2525 725 2591 b,
745 2528 868 2577 -carei
886 2540 909 2579 r.
1029 2533 1094 2597 poet

76 2612 153 2651 evoe.
180 2597 254 2651 aolus
279 2596 360 2651 habet
376 2595 404 2648 B
431 2594 533 2664 quibu·
560 2593 597 2649 in·
617 2593 710 2649 iniciis
735 2593 806 2649 haec
834 2592 998 2650 adhibenda
1026 2599 1093 2652 suut

77 2665 220 2722 adiutoria
238 2667 344 2735 (diade
362 2665 464 2735 quibus
483 2681 533 2735 per
551 2664 660 2720 saniem
677 2668 736 2735 cto.)
750 2673 830 2735 atquc
847 2666 880 2720 ia
893 2666 929 2720 br
947 2667 1095 2724 adducetur

77 2740 170 2794 alicua
189 2737 300 2807 (Serum
316 2741 373 2807 ...).
447 2742 543 2791 ivero
562 2736 661 2792 ocem
680 2752 730 2792 om.
750 2737 785 2792 B.
858 2739 874 2787 8
894 2733 1096 2793 calestioarum

78 2810 113 2865 B.
186 2810 239 2864 hac
256 2806 749 2880 aaqacgroecoPa.Gal.p.336.
836 2805 1094 2865 tliniNeu:lini

77 2877 193 2935 seminis
211 2880 281 2934 Bbr
292 2878 349 2934 Gal.
422 2876 470 2932 rel
488 2877 650 2948 (fenogreci)
665 2878 700 2932 B.
774 2875 862 2932 evisoi
880 2878 904 2943 b,
923 2878 954 2931 at
970 2877 1051 2935 visco
1070 2899 1094 2951 r,

77 2950 189 3006 avisco
209 2951 281 3006 aa:
300 2966 350 3006 om.
370 2950 405 3003 Β.
514 2965 578 3003 cum
595 2947 753 3003 mellicrato
771 2947 790 3003 f.
811 2946 1019 3016 cataplasmate
1037 2967 1096 3006 aar·

78 3021 186 3076 viemus
205 3021 245 3091 B,
272 3036 306 3075 ex
327 3019 473 3074 meliorato
496 3020 602 3074 factum
626 3019 802 3089 cataplasma
825 3017 1013 3075 adhibeamus
1032 3022 1095 3078 Gal.

77 3092 119 3162 (in
138 3109 235 3146 -cum
248 3110 298 3147 r-
313 3090 469 3146 mellicrato
488 3089 575 3147 coctis
596 3089 816 3160 cataplasmatur
828 3091 882 3157 rb).
940 3096 972 3143 11
989 3094 1096 3162 at(ev.)

78 3163 187 3219 acet:
206 3180 255 3219 om.
275 3164 319 3219 br.
392 3177 528 3217 evacuare
545 3163 645 3217 iterem
663 3163 686 3217 b.
762 3167 793 3214 12
813 3159 884 3214 haec
902 3159 933 3229 (il
952 3163 976 3229 b,
995 3162 1057 3218 Hoc
1071 3166 1097 3234 r)

78 3236 115 3291 br
126 3235 198 3291 Geir
217 3250 267 3289 ota.
283 3234 318 3288 B.
402 3239 434 3286 13
454 3233 505 3287 aut
523 3230 670 3301 cy(i)prino
689 3231 798 3288 erei:
817 3248 867 3286 om.
889 3232 916 3284 B
934 3233 995 3301 (ubi
1011 3249 1096 3289 roseo

78 3305 238 3375 temporati
252 3303 428 3375 cataplasma
446 3301 614 3373 adhibetur).
743 3307 776 3356 14
793 3300 841 3356 fici
858 3303 886 3357 B
896 3303 969 3359 aeta
988 3304 1060 3359 ficus
1080 3307 1096 3361 b

78 3375 149 3446 (ficis
167 3379 201 3446 r),
220 3381 267 3432 cet.
286 3378 321 3444 cf.
340 3392 428 3446 supra
439 3375 513 3430 idem
525 3391 549 3429 u.
565 3377 651 3430 5-6!
705 3372 797 3428 muria
810 3373 919 3428 Buce:
937 3373 1032 3429 mulsa
1048 3377 1095 3432 br.

81 3451 114 3501 15
133 3445 272 3501 contritae
291 3446 391 3503 taeta
411 3446 441 3500 at
458 3443 596 3499 contritae
614 3445 668 3501 Br.
775 3449 808 3497 16
823 3445 975 3512 operantur
993 3445 1096 3503 odet:

77 3519 270 3589 temperantur
288 3517 323 3572 B.
398 3517 426 3571 at
444 3533 494 3572 om.
514 3516 552 3571 br.
860 3555 867 3571 .

245 3820 302 3830 ⁴
