2288 3878
84 124 129 189 46
301 62 314 87 ’
391 124 587 194 ,annonem
603 118 784 177 anismam

85 290 147 350 fimi
175 290 284 349 asinini
312 289 459 350 combusti
486 288 608 369 pulvere
634 307 702 349 cum
725 288 791 350 oleo
813 307 902 350 roseo
925 292 1022 352 mixto
1044 291 1101 351 col·

85 378 158 457 lyria
182 378 257 439 iacta
281 380 484 457 supponimus.
522 385 553 438 et
571 377 607 439 de
626 377 752 457 siliquae
770 376 1018 440 mollibus·ioliis
1035 397 1102 440 con-

85 469 162 527 tusis
194 467 270 527 iacta
303 466 442 527 similiter
469 465 590 546 collyria
616 460 802 545 prosuerunt
849 468 894 527 sic
922 467 1103 550 portulacae,

86 558 130 616 sic
149 554 292 635 strychni,
311 557 354 615 sie
373 562 471 615 terrae
490 553 698 615 alexandrinae
717 573 787 615 cum
805 556 887 615 sucis
907 573 1001 634 supra
1016 556 1103 618 dictis

59 644 183 724 apulus
207 662 294 722 saepe
318 644 437 722 profuit.
484 650 572 722 caput
595 660 665 703 vero
688 656 793 703 eorum
811 660 884 704 suco
903 643 960 705 lini
979 647 1103 706 seminis

85 733 192 811 frigido
215 733 425 793 umectaudum
449 740 503 792 est.
550 734 628 792 circa
650 731 779 793 frontem
797 750 867 793 vero
887 750 1017 813 gypsum
1035 752 1104 795 cum
1126 750 1130 759 ·

85 839 139 881 ovo
163 820 210 881 vel
237 820 331 881 lutum
360 820 517 899 figulorum
546 819 684 881 similiter
711 823 837 881 mixtum
865 820 991 883 inlinire
1015 821 1103 883 dehe-

57 976 62 987 ,
85 929 159 971 mus.
207 912 250 969 sic
274 912 352 969 aeris
376 910 439 990 llos,
463 912 506 969 sic
527 911 604 989 misy
622 908 669 969 vel
687 908 831 989 chalcitis,
854 911 898 970 sic
916 912 984 989 pini
1002 918 1104 972 cortex

85 998 248 1078 combusta,
273 1000 316 1057 sic
340 1000 427 1057 limus
451 1000 536 1078 asini,
559 1004 592 1058 ut
615 1016 705 1076 supra
729 997 929 1077 significatum
954 1006 1010 1080 est,
1034 1017 1104 1080 ope·

46 1103 71 1142 ro
85 1086 208 1147 rabitur.

174 1179 200 1235 si
224 1177 313 1235 etiam
333 1176 400 1235 istis
419 1174 560 1235 adhibitis
579 1174 674 1236 adhuc
692 1170 935 1253 perseveraverit
948 1178 1104 1255 sanguinis

85 1263 182 1324 buxus
205 1266 363 1345 inpatiens,
387 1266 477 1342 ignita
502 1262 655 1324 cucurbita
680 1265 707 1323 si
730 1263 766 1323 de
785 1262 890 1323 derha
907 1280 982 1325 nare
1001 1282 1104 1338 mana·

85 1355 161 1411 verit
188 1352 308 1412 dextrae
336 1355 414 1433 parti
441 1352 684 1432 praecordiorum
712 1359 758 1411 est
786 1350 984 1435 admovenda,
1012 1356 1041 1414 si
1068 1354 1103 1414 de

86 1441 207 1498 sinistra
235 1442 381 1500 sinistrae.
428 1444 454 1501 si
482 1457 551 1501 vero
580 1440 616 1500 de
640 1442 775 1518 utrisque
799 1439 937 1521 naribus,
965 1444 1104 1522 utrisque

46 1542 71 1582 ιι
86 1519 250 1586 visceribus
272 1527 441 1588 cucurbitas
460 1527 621 1608 applicabo.
664 1528 755 1608 aliqui
774 1546 844 1589 vero
863 1528 997 1590 fasciolis
1018 1530 1105 1593 lineis

85 1622 221 1695 naturam
245 1621 275 1675 et
297 1621 390 1675 testes
413 1635 517 1678 eorum
540 1616 686 1696 alligando
710 1616 830 1678 mollius
848 1620 1104 1681 constrinxerunt

85 1705 112 1763 si
135 1705 167 1763 in
190 1704 319 1784 leminis,
342 1704 454 1772 femora
477 1706 650 1785 ligaverunt.
697 1724 734 1766 ex
757 1704 866 1784 quihus
890 1705 994 1785 ipsicis
1020 1727 1104 1787 prae-

86 1810 155 1852 seus
178 1791 356 1853 beneficium
379 1801 560 1854 meruerunt.

157 2006 170 2054 1
190 1998 295 2054 asinini
308 2002 357 2055 rb:
377 1997 451 2053 asini
465 2000 493 2053 B
504 1999 562 2055 eet.
678 1998 823 2069 pulverem
838 1998 1009 2055 ...collirio
1027 2000 1104 2056 facto

85 2068 143 2127 Gelj
230 2071 346 2125 ehtde
362 2071 514 2140 rapiam:
530 2070 636 2124 Eodem
650 2071 733 2124 modo
748 2069 836 2125 etiam
851 2069 911 2125 aec
983 2078 1104 2143 deupra

84 2142 167 2197 dicti·
186 2144 234 2197 rB
249 2143 320 2198 Gela
341 2147 368 2194 e‘a
386 2140 536 2194 herbarum
560 2140 684 2196 amixtus
703 2143 726 2196 b.
854 2146 870 2194 b
888 2157 956 2209 vero
974 2144 1014 2198 rb
1030 2142 1101 2198 aa:

83 2231 133 2270 om.
153 2216 188 2269 B.
294 2229 360 2267 suco
378 2212 431 2265 lini
450 2211 565 2265 seminis
583 2213 665 2267 rbB:
685 2211 838 2279 seminibus
856 2210 986 2337 (frigida)
1007 2215 1066 2270 aaz.

84 2286 333 2340 thumeetandum
349 2284 421 2339 aa:
440 2283 653 2337 fomentandum
668 2285 692 2352 b,
712 2282 893 2337 fovendumr
928 2326 934 2339 .
1025 2282 1101 2338 tval

83 2353 175 2409 lutum
193 2358 277 2438 rGelz
296 2357 391 2410 velatu
412 2355 451 2408 B:
471 2354 517 2409 vel
535 2355 596 2408 luto
616 2355 639 2409 h.
738 2359 754 2409 8
774 2354 814 2408 eie
833 2352 939 2478 mpeioe
957 2354 1007 2408 vel
1026 2353 1100 2410 chal·

84 2424 148 2478 citis
168 2427 235 2495 Get,
255 2444 295 2481 erc
314 2426 416 2481 missos
435 2423 481 2480 vel
500 2425 642 2494 celsitas,
662 2424 703 2479 sie
721 2425 814 2479 musin
831 2440 866 2478 ve
896 2426 982 2506 epten
1000 2425 1042 2481 B:
1060 2424 1099 2479 eie

84 2494 205 2551 culcitam
223 2498 283 2565 (om.
302 2497 385 2567 misy)
406 2499 428 2552 b.
534 2501 635 2550 taisi
655 2503 670 2550 a
690 2495 998 2567 tetraptotam
1016 2498 1060 2550 est
1076 2514 1097 2551 r.

84 2565 247 2635 operabitur
265 2569 364 2622 carza
384 2585 434 2623 orn.
448 2568 504 2622 rB.
562 2566 611 2622 '12
625 2586 652 2637 p.
667 2568 757 2620 fluxus
776 2565 918 2637 inpatiens
932 2566 975 2622 Be
1015 2610 1021 2622 .
1037 2582 1098 2620 sau-

84 2635 147 2706 guis
167 2635 306 2706 (-guinis
324 2640 349 2707 r)
367 2637 444 2692 illius
467 2640 560 2693 terrae
579 2640 683 2709 (terror
698 2640 725 2708 r)
748 2636 899 2709 impatiens
919 2585 1096 2707 rGefhan·

83 2706 178 2777 guinis
196 2706 328 2761 molestia
346 2711 533 2778 perseverarit
550 2713 649 2766 iterum
668 2710 703 2779 b).
825 2708 860 2762 de
879 2708 980 2764 wel:
999 2724 1034 2763 ex
1051 2708 1097 2764 rB

83 2781 141 2847 (cci.
160 2779 195 2845 cf.
215 2796 255 2848 pr.
271 2795 302 2848 p.
318 2782 389 2849 339).
516 2779 675 2835 manaverit
692 2781 740 2835 rB
751 2780 824 2836 aeta
844 2778 1021 2833 emanaverit
1038 2780 1063 2834 b.

85 2854 118 2903 13
137 2849 253 2903 (lexmea
271 2868 297 2919 p.
316 2868 343 2920 p.
364 2850 461 2907 edeta
482 2853 580 2906 dextro
598 2850 684 2905 lateri
697 2851 752 2906 rB.
827 2856 859 2904 13
879 2850 1005 2920 ardet,
1024 2864 1058 2904 ex
1070 2849 1097 2903 B

84 2922 143 2989 (om.
164 2922 197 2989 b).
325 2927 359 2975 14
377 2920 508 2976 sinistrae
529 2924 600 2979 Get:
620 2922 718 2979 ainittr
752 2921 828 2993 parti
845 2920 1056 2990 precordiormn
1072 2920 1096 2986 b,

84 2991 197 3045 sinistro
215 2989 300 3046 lateri
317 2995 374 3048 rB.
448 2994 482 3046 de
500 3011 527 3049 u.
545 2994 689 3064 (eie)rbB
727 2994 757 3048 el.
832 2997 865 3045 15
883 2991 985 3062 igneas
1003 3006 1115 3046 cucur·

69 3061 158 3116 'bitae
176 3065 220 3119 rb.
330 3063 483 3133 aliquando
503 3066 526 3120 b.
635 3071 668 3117 17
687 3064 794 3119 femora
812 3063 975 3134 ligaverunt
994 3063 1095 3133 (veih,

84 3149 184 3188 -vere
203 3133 273 3203 aaz.)
292 3135 390 3190 taem
409 3133 549 3205 moraliga
568 3137 617 3204 (eie
635 3138 713 3205 mut.)
730 3136 765 3190 B.
785 3162 789 3169 ·
881 3149 915 3187 ex
934 3131 976 3203 (in
995 3134 1095 3203 001.)-

81 3206 244 3272 premerunt
261 3206 297 3260 rh
309 3205 379 3263 Get:
400 3223 449 3261 om.
469 3207 504 3260 B.
531 3223 600 3276 qaae
618 3223 715 3261 acuam
732 3207 865 3261 dodemani
883 3206 1024 3261 codicibus
1040 3203 1095 3259 cib

28 3280 31 3285 '
84 3283 109 3331 et
126 3294 151 3345 r,
168 3283 200 3332 at
218 3277 293 3331 aliae
310 3278 370 3334 alia
387 3277 475 3333 multa
493 3279 529 3345 (et
546 3278 746 3347 superemineat)
767 3293 803 3332 ae.
823 3277 942 3348 plastica
959 3276 1093 3332 manem
