2288 3878
270 631 434 702 lbeodori
461 633 631 704 Prisciani
657 633 864 722 liuponiston

491 770 598 831 Liber
616 771 642 831 ll

486 882 640 950 Logious.

31 998 49 1060 1
150 1000 236 1061 Nunc
261 993 419 1060 'secundi
452 1002 572 1078 operis
609 1007 729 1078 partes
762 1000 928 1082 adgrediar,
965 1005 1076 1082 quibus

62 1089 231 1169 prodendae
246 1088 509 1166 discutiendeeque
524 1090 647 1148 rationis
661 1087 862 1166 delegavimus
881 1089 1075 1153 functionem.

34 1191 137 1256 cquae
161 1180 301 1256 quoniam
325 1177 419 1237 oculis
443 1176 654 1254 comprehendi
681 1194 741 1237 non
767 1184 879 1260 potest,
907 1179 986 1257 quod
1011 1183 1075 1240 olfi-

63 1269 141 1326 eium
182 1264 275 1326 liber
317 1266 485 1342 superior
527 1267 694 1345 occupavit,
735 1264 846 1325 idcireo
884 1270 1075 1346 passiones

62 1355 239 1413 interiora
258 1351 487 1431 possidentes
507 1354 539 1411 in
557 1353 613 1412 hoc
632 1353 780 1414 volumine
800 1361 851 1414 aut
869 1356 1076 1419 accidentibus

61 1443 275 1501 convincentur
302 1447 353 1500 aut
379 1439 543 1519 prodentur
566 1441 694 1502 indiciis.
740 1442 838 1503 studio
863 1447 973 1523 quippe
997 1449 1075 1507 veri-

61 1531 143 1611 tatis,
176 1547 231 1589 nec
259 1529 383 1609 frustra,
410 1528 625 1608 disputationes
653 1531 763 1611 refugi,
791 1550 859 1592 cum
886 1535 917 1592 in
945 1541 1076 1614 utroque

20 1633 47 1672 ro
63 1636 152 1698 opere
175 1619 266 1678 certis
289 1617 542 1697 deprehensisque
565 1616 679 1678 morbis
707 1619 838 1679 remedia
862 1624 1004 1682 constitui
1028 1622 1075 1682 vel

63 1709 143 1768 euris
175 1706 321 1768 medendo
353 1707 489 1768 facilibus
522 1707 567 1767 vel
600 1705 709 1766 tuendo
743 1710 897 1767 materiam
924 1711 1077 1791 vitiorum,

61 1798 200 1876 quoniam
228 1799 260 1857 in
287 1796 383 1875 logico
412 1814 501 1874 opere
530 1794 723 1871 obscurisque
749 1794 891 1873 perieulis
915 1814 974 1856 non
999 1815 1075 1876 opus

61 1894 106 1946 est
130 1893 277 1947 assertore
302 1886 354 1946 sed
378 1885 485 1946 iudice.

132 2045 146 2091 1
170 2039 228 2094 Hc'o
241 2041 300 2093 sicce
314 2039 355 2092 tit.
376 2040 450 2106 (post
463 2054 580 2092 vacuom
597 2036 618 2103 s.
630 2037 661 2105 1)
676 2035 739 2104 V(f.
751 2038 781 2104 2)
787 2038 942 2105 praemittit
955 2038 1076 2094 indicem

61 2110 126 2164 libii
138 2111 252 2164 secundi
260 2109 281 2163 Ι.
297 2108 331 2161 de
340 2106 466 2161 febribus
480 2125 505 2162 v.
517 2123 540 2162 o.
551 2137 584 2146 —
595 2104 704 2160 XXXV.
724 2106 764 2161 De
778 2106 944 2160 mulieribus
958 2109 1075 2178 (eie)va-

60 2179 109 2233 riis
128 2178 316 2249 passionibus.
335 2178 478 2248 scbiwnpit
495 2179 589 2246 (rubi)
608 2176 689 2245 Expl‘
704 2179 786 2248 (qnod
804 2179 841 2233 ad
858 2179 978 2234 indicem
991 2197 1075 2248 prae-

60 2253 172 2305 missum
181 2251 295 2320 proprie
311 2249 439 2316 pertinet)
453 2247 573 2316 Logicus
587 2247 671 2301 Liber
686 2251 690 2318 Ι
708 2248 850 2303 Secundus
867 2251 871 2318 Ι
888 2251 962 2318 (atr.)
971 2249 1077 2320 Incipit

59 2320 181 2390 prefatio
210 2317 325 2373 secundi
352 2316 451 2387 operis.
476 2349 509 2356 -
533 2320 565 2372 irc
587 2319 615 2371 B
637 2320 677 2374 sie
695 2322 769 2388 (post
795 2317 922 2389 solidari)
949 2319 1078 2390 Explicit

61 2390 169 2459 logicus
192 2389 272 2444 liber.
309 2386 451 2457 Incipiunt
473 2387 599 2457 capitula
622 2388 745 2457 librili,
769 2391 866 2445 deinde
885 2393 960 2460 (posi
982 2394 1075 2448 eadem

60 2479 81 2517 c.
96 2459 257 2527 I-XXXV)
275 2457 378 2528 Incipit
399 2458 520 2528 prefatio
545 2459 660 2512 secundi
683 2459 775 2530 operis
800 2467 826 2516 et
844 2463 918 2531 (post
936 2461 1075 2532 originem

60 2529 501 2598 tentcep.105‚13)Defob1ibus.
512 2530 532 2583 I.
556 2530 588 2582 In
597 2531 656 2597 (obi
665 2532 697 2584 irc
710 2549 764 2586 ras.
774 2549 794 2584 n
800 2548 854 2601 pro
867 2531 895 2601 a)
905 2549 1076 2603 quaequam

60 2600 248 2656 maxime...
267 2602 299 2654 iic
321 2618 336 2654 r
355 2603 429 2670 (post
455 2599 581 2669 solidari)
605 2599 745 2656 Theodori
771 2601 907 2671 prisciani
933 2603 1075 2659 fenomeni

59 2672 108 2728 lib.
123 2673 144 2726 Ι.
164 2669 263 2739 explic.
288 2669 375 2738 Incip.
399 2671 447 2726 lib.
467 2671 500 2727 II.
524 2671 563 2726 id.
588 2671 705 2741 logicus.
733 2674 874 2743 prologus.
912 2673 1004 2743 (Nunc
1033 2691 1074 2729 so-

61 2743 159 2798 cundis
174 2744 241 2811 ...),
266 2743 447 2813 deindepost
469 2742 563 2798 iudico
586 2745 644 2797 sicce
671 2745 713 2798 cic.
737 2761 789 2814 sep.
817 2746 943 2813 capitula
965 2747 1076 2814 primae

56 2816 161 2885 pariis,
181 2819 246 2896 post
263 2831 332 2884 poce
350 2815 450 2884 incipit
467 2815 640 2898 cccccccccc
658 2815 704 2895 acci
722 2817 781 2896 sine
799 2816 880 2871 titolo
898 2821 988 2871 textos
998 2815 1074 2898 (Om-

59 2883 1075 3035 attendistis-titiltltblitpbtttnlttcttttt?

60 3026 122 3081 tulo
144 3025 224 3096 Incip
242 3027 362 3097 pphaeio
377 3027 448 3097 (Iam
467 3043 541 3080 nunc
560 3025 744 3095 secundi...)
763 3033 789 3081 et
811 3030 886 3097 (post
907 3026 1012 3098 iudice)
1034 3033 1076 3082 De

61 3097 151 3182 acutis
158 3097 284 3152 febribus
293 3105 383 3154 textos
392 3100 480 3168 cap]
485 3101 553 3167 (cim.
564 3100 602 3151 in.
612 3098 644 3165 c).
683 3103 698 3150 6
708 3094 813 3151 idcirco
824 3097 952 3152 universe
961 3117 988 3168 p.
995 3117 1018 3168 r,
1030 3099 1075 3154 Vri
1087 3101 1092 3112 '

60 3183 120 3259 ic¹eo
139 3224 166 3275 p.
187 3206 211 3260 b.
244 3221 248 3228 ·
284 3204 472 3275 Sprodontur
490 3204 567 3259 rVB
578 3203 650 3258 Gela
669 3202 852 3272 providentur
871 3206 895 3258 b.
988 3210 1076 3259 tinec

59 3275 157 3334 rGelz
176 3293 211 3330 ne
234 3275 320 3331 VBb.
410 3273 611 3344 disputationis
629 3274 674 3328 rb.
759 3273 848 3328 refuci
870 3275 986 3345 V(·-gi
1007 3275 1077 3345 Get,

61 3346 168 3419 —giin
181 3346 299 3417 refugiis
311 3348 349 3416 b):
368 3344 452 3401 refoti
462 3347 497 3400 B.
552 3345 582 3398 in
595 3346 714 3414 utroque
729 3361 812 3414 opere
822 3345 933 3402 chB:
952 3362 1003 3402 om.
1016 3347 1076 3403 Get.

55 3424 89 3471 rr
112 3418 217 3474 tuendo
241 3419 298 3474 VB
313 3418 385 3475 Get:
403 3417 525 3470 tenendo
545 3417 588 3473 br.
