2310 3864
490 179 677 234 GYNAEOIA.
1011 176 1074 240 441

64 355 156 393 mone.
177 340 206 392 εὴ
225 354 272 392 cor
291 337 387 390 subic-
416 335 554 390 sienimus
569 336 736 405 contingens
765 335 893 390 subiacet
907 338 1002 389 autem
1018 352 1085 389 ven-

65 410 112 464 cii.
131 409 175 462 his
190 410 288 463 venter
302 410 331 462 ei
344 408 387 461 in-
414 407 506 461 lcierc
547 408 576 460 εὴ
617 406 735 475 spinam.
763 407 814 459 ter.
834 406 883 473 qui
902 406 961 459 eius
978 406 1084 460 iesiinc

65 479 201 534 testinum
219 479 340 533 lateram
358 482 387 532 et
414 479 512 532 venter
531 479 627 531 autem
649 477 735 531 habe-
764 476 891 530 coniinet
914 476 960 528 cui
986 476 1083 530 iuncta

66 550 184 620 spinam.
208 549 314 605 Venter
338 566 387 602 cu·
414 547 736 637 iurofflcicducurgrm
764 549 829 601 suni
847 547 938 600 latera
958 547 1081 627 exspina.

64 625 123 675 tem
158 620 241 675 habit
277 619 387 673 crificia
413 619 573 688 proximum
605 619 735 672 bembra-
762 620 861 671 venter
871 620 966 671 autem
976 617 1083 671 onficia

66 692 130 746 duo.
171 709 259 744 unum
293 690 386 759 proxi-
413 707 482 743 num
510 689 624 744 sinistra
653 692 735 758 parte
762 685 1083 757 habetdueunumprc·

65 779 149 816 mum.
192 761 387 816 membranum
413 759 734 815 inclinatumclicvero
762 759 868 813 ximum
920 759 1082 812 membrano

65 833 141 900 quod
159 832 236 901 greci
257 848 386 900 praecar-
415 831 530 885 dextera,
552 834 634 900 parte
661 831 735 885 circa
763 831 839 897 qnod
866 830 943 899 greci
971 846 1083 897 procer-

66 903 143 956 dicm
156 905 281 957 vocetur.
297 903 330 956 In
344 918 386 955 se·
412 901 490 956 iecur
525 902 649 971 positum
683 905 734 957 esi.
764 901 831 954 dian
885 902 997 954 vocant.
1053 899 1084 953 in

64 975 165 1028 nexirc
201 975 313 1042 partem
343 972 385 1025 in·
414 976 560 1026 extensum
588 972 734 1028 continens
764 971 878 1025 sinisira
905 970 1081 1024 inclinatum.

65 1045 202 1098 clinatum
216 1045 292 1110 quod
308 1043 385 1112 greci
412 1043 507 1097 vesica
534 1043 619 1112 plena
649 1043 735 1097 viridi
762 1042 815 1095 hoc
847 1041 931 1110 greci.
969 1041 1083 1110 epiplon

65 1115 170 1184 pulsiro
189 1116 300 1168 vocant.
327 1113 386 1166 Alii
413 1113 529 1168 humore
543 1115 620 1181 quod
633 1114 673 1168 fei
687 1131 735 1168 vo·
762 1115 872 1167 vocant.
906 1111 985 1164 aliud
1016 1128 1083 1165 vero

63 1202 130 1239 vero
146 1186 262 1239 dextera
275 1186 386 1253 partem
414 1188 501 1239 catur.
545 1185 576 1237 in
620 1185 735 1238 sinistra
762 1183 792 1235 in
811 1184 956 1236 dexteram
973 1184 1083 1251 partem

65 1256 140 1309 circa
156 1255 239 1309 iecor.
258 1254 386 1308 Positum
412 1257 494 1324 p'crie
530 1255 655 1324 posiium
692 1258 735 1310 esi
762 1253 837 1307 circa
855 1253 932 1307 iecur
955 1252 1083 1322 expositu

66 1328 109 1379 est
128 1329 156 1379 ei
170 1327 290 1379 tensum.
310 1326 386 1393 quod
414 1325 510 1394 esplen
530 1325 652 1394 oblongo
670 1343 734 1380 con·
762 1327 805 1378 esi
829 1327 974 1378 extentum
994 1340 1082 1392 usque

64 1395 141 1464 greci
151 1395 264 1464 longon.
274 1395 384 1448 dicitur.
413 1397 525 1449 iunctus
547 1398 645 1451 venire
669 1414 734 1451 con·
762 1395 799 1448 cd
840 1395 963 1463 longum.
1007 1395 1083 1463 qnod

64 1465 149 1518 latini
183 1464 255 1517 hilia
292 1468 385 1519 conie-
413 1466 487 1520 tinet
510 1467 644 1520 membra.
668 1485 734 1521 nam
761 1465 839 1534 greci
857 1465 1019 1534 longionem
1033 1482 1081 1519 vo-

64 1552 133 1589 nens
160 1536 305 1588 dexteram
322 1552 386 1604 par·
413 1540 527 1591 tenuem
542 1540 571 1591 ei
581 1537 734 1592 habentem
762 1539 835 1590 cant.
855 1536 970 1606 cingens
987 1537 1082 1590 dexte-

64 1609 123 1660 tem
148 1605 230 1660 renis.
254 1605 384 1660 iocinere.
412 1607 614 1677 pinguissimas
647 1626 733 1662 venas
761 1624 823 1660 ram
843 1609 955 1676 partem
976 1623 1082 1660 renum.

65 1676 137 1730 aerii
173 1675 291 1730 vieicam
326 1677 385 1745 ple·
413 1678 733 1733 ineestincnostrumte-
761 1677 854 1732 nervis
891 1694 965 1731 vero,
1007 1677 1082 1730 inest

66 1747 278 1801 namViridem
287 1747 385 1801 humo·
413 1752 485 1819 guni
503 1752 532 1803 ei
555 1748 733 1804 calefaciunt.
761 1749 854 1802 nervis
873 1748 974 1802 vesice.
993 1746 1024 1799 in
1046 1746 1082 1799 si-

64 1834 123 1871 rem
133 1818 209 1885 quod
218 1820 343 1871 vocatur.
353 1818 386 1870 In
413 1821 683 1888 quodcugmenium
692 1820 734 1873 di·
761 1819 880 1872 nistram
904 1821 1016 1886 partem
1032 1833 1082 1885 po-

65 1890 386 1957 senexircveropariem
414 1891 487 1944 citur
515 1892 662 1944 extensum
688 1908 734 1943 us·
762 1890 849 1943 sitnm
876 1888 956 1957 splen
984 1887 1081 1941 oblon-

64 1959 189 2028 posiium
221 1962 265 2013 est
297 1959 385 2027 splen.
413 1978 467 2029 qne
491 1961 529 2015 ad
550 1960 646 2014 virilia
670 1978 734 2029 pro·
761 1978 835 2030 gum.
873 1958 979 2013 veniris
1019 1974 1082 2010 con·

66 2029 227 2099 Oblcngum
255 2029 385 2083 coniunc-
413 2032 489 2085 xima
518 2032 555 2085 cd
586 2047 666 2085 renes
698 2032 733 2084 si·
761 2032 896 2084 iunctum.
936 2028 1083 2082 continens

63 2102 133 2153 tum.
165 2100 258 2153 veniri
291 2103 385 2154 conte·
412 2101 733 2158 nistresubiaciturcu·
761 2101 925 2156 membrana
986 2102 1080 2154 tenua.

64 2186 141 2223 nens.
192 2170 386 2223 membranam
413 2172 734 2228 iemsubhcciniesiina
761 2173 868 2226 hcuens
881 2169 1082 2240 pinguissimas

64 2256 191 2308 gennem.
254 2241 387 2294 abentem
414 2244 494 2297 aliud
511 2243 678 2298 intestinum
692 2247 733 2299 ie·
761 2260 847 2297 venas
863 2260 917 2313 que
932 2239 1082 2294 intestinas

65 2309 267 2379 pinguissimas
299 2328 385 2365 venas
413 2314 581 2368 nuissimum
658 2317 734 2381 quod
761 2316 862 2383 tegunt
870 2310 1081 2366 etcclefaciunt.

64 2381 385 2448 queintieiinasnosircs
413 2385 489 2454 greci
508 2385 604 2439 nescia
622 2390 732 2441 vocant.
761 2385 814 2438 hcc
823 2383 901 2452 greci
911 2381 1025 2450 epiplon
1034 2397 1083 2434 vo-

63 2454 162 2521 tegent
176 2455 204 2506 et
218 2452 386 2507 calefacieni
413 2458 465 2510 sub
488 2457 541 2510 hoc
567 2455 735 2510 intestinum
762 2457 835 2509 cant.
851 2455 950 2507 roboes
965 2454 1082 2505 extensa

64 2523 141 2590 quod
167 2523 244 2592 greci
270 2524 385 2594 epeplus
413 2527 517 2581 collum
530 2526 733 2582 continuclon·
761 2542 849 2594 usque
869 2525 906 2578 ad
929 2540 1027 2577 renum
1046 2522 1082 2575 si-

65 2596 169 2647 vccani
196 2594 285 2648 latine
314 2595 385 2649 obh'-
414 2599 528 2668 gatione
761 2597 888 2650 nisirum.
896 2594 1024 2648 subiacet
1034 2609 1082 2646 au·

64 2665 192 2717 icentum
211 2665 321 2719 dicetur
339 2683 385 2720 ex·
761 2671 820 2722 iem
839 2666 890 2719 sub
903 2666 957 2719 hoc
971 2663 1082 2717 intesti-

64 2736 386 2804 iensumusqueadylec
761 2734 1081 2805 numqucdgreciicsti-
1102 2730 1112 2738 ”

64 2803 200 2871 proxima.
228 2806 320 2858 Renes
344 2823 385 2860 se·
761 2826 829 2861 num
837 2805 1082 2859 hocsubiuncium

64 2875 164 2926 nexira
187 2874 310 2927 subiecit
338 2893 386 2928 au·
763 2880 806 2932 esi
827 2877 913 2929 loeas.
935 2873 1081 2926 continens

64 2945 123 2996 iem
156 2942 239 2995 subas
276 2943 386 2998 iniecti·
761 2947 938 3014 longaonem.

65 3029 140 3063 num.
151 3013 227 3078 quod
236 3013 313 3080 greci
324 3030 386 3067 nes-

65 3080 130 3133 cian
148 3085 252 3136 vocant
267 3083 319 3136 sub
334 3084 387 3138 hoc

65 3151 232 3205 intesiinum
254 3153 386 3207 tenuissi-

65 3239 142 3274 mum
160 3223 237 3290 quod
255 3223 344 3277 crexit
356 3224 387 3276 in

64 3292 157 3345 fronte
180 3296 317 3362 genieron
339 3311 387 3348 vo-

66 3363 387 3418 mmmm&

65 3433 114 3486 lua
133 3433 256 3502 longum.

168 3540 286 3609 mm)
