2288 3878
76 136 142 201 342
418 140 762 194 Peenno-unuououi

155 334 202 387 III.
229 333 262 387 Si
281 332 421 387 mulieri
439 348 542 403 pecus
563 332 598 385 in
616 335 714 388 utero
732 336 903 388 mortuum
921 334 1039 390 fuerit.

147 422 291 476 Dictamni
315 439 412 476 sucum
437 439 501 476 cum
523 421 590 475 rino
609 420 747 495 (bibat),
771 421 796 474 si
819 420 907 475 febrit
930 436 996 476 cum
1020 440 1096 492 aqua

78 503 185 570 calida,
211 506 241 557 et
263 519 327 556 mox
353 519 417 556 eum
440 501 499 555 sine
524 500 620 555 dolore
643 500 735 555 eiciet.
765 499 856 570 puleii
882 500 1037 556 fasciculos
1056 503 1096 556 III

77 582 182 637 virides
201 586 261 637 tere
281 582 423 637 districtos
442 583 473 635 in
491 580 551 635 vini
569 579 672 635 veteris
692 578 846 648 quartario,
866 582 895 634 et
913 581 998 649 potui
1017 582 1094 652 dato,

51 675 64 711 s
80 662 214 717 continuo
232 665 373 717 mortuum
390 679 476 732 pecus
495 661 588 715 eiciet.
615 659 766 730 papaveris
784 658 860 729 nigri
878 677 971 730 grana
991 661 1017 715 si
1035 681 1095 716 mu-

76 742 139 797 lieri
159 759 242 811 super
260 741 405 796 cerebrum
422 758 525 811 ponas,
548 757 613 794 mox
632 738 727 808 eiciet,
752 741 781 793 et
804 739 903 793 statim
926 742 959 794 ut
984 741 1094 812 exierit,

77 820 168 876 tolles.
197 820 241 874 lac
260 820 386 874 mulieris
406 837 469 873 cum
488 820 551 875 oleo
569 819 650 890 potui
669 819 750 888 dato,
775 835 841 872 mox
864 819 931 874 edet
949 825 1096 876 mortuum

75 904 201 970 partum,
228 905 260 954 ut
278 917 329 955 nec
352 916 460 953 moram
477 899 574 954 faciat.
604 898 742 953 absinthii
760 898 928 953 fasciculum
951 918 1047 956 sumes
1067 906 1095 956 et

76 979 170 1034 florem
196 980 255 1033 eius
282 997 392 1035 omnem
416 979 568 1050 distringas
592 980 621 1032 et
649 979 680 1032 in
708 978 766 1033 olla
794 979 915 1034 heminis
938 980 1033 1036 tribus
1059 983 1094 1036 ad

37 1071 63 1110 ιο
77 1059 177 1114 tertias
198 1060 349 1128 decoques‚
373 1063 403 1113 et
421 1076 485 1112 cum
503 1058 587 1113 melle
605 1059 726 1113 mixtum
744 1060 776 1112 ut
795 1076 880 1127 supra
898 1060 982 1129 potui
1002 1062 1094 1117 dabis.

76 1139 152 1193 item.
173 1139 287 1193 seminis
305 1139 447 1194 brassicae
467 1152 501 1199 -;·
516 1140 556 1208 Π,
580 1139 638 1208 apii
657 1138 772 1192 seminis
791 1154 826 1199 -:-
839 1139 865 1208 Ι,
890 1139 999 1208 cymini
1018 1141 1095 1210 scrip

75 1219 148 1287 VIII,
169 1219 226 1288 opii
246 1220 284 1272 ad
302 1219 387 1273 fabae
401 1219 634 1290 magnitudinem.
655 1218 749 1272 omnia
762 1218 832 1273 trita
847 1235 912 1272 cum
927 1218 990 1273 vini
1008 1221 1094 1274 mulsi

75 1298 165 1366 cyatis
186 1300 212 1352 Π
231 1299 326 1353 ieiuna
344 1298 445 1353 mulier
463 1299 552 1354 bibat.
581 1300 664 1353 item
683 1303 715 1353 ut
729 1298 789 1352 sine
809 1297 906 1353 dolore
921 1305 1090 1370 conceptum

76 1377 209 1431 excutiat.
238 1378 372 1431 bacarum
400 1378 486 1446 lauri,
514 1379 658 1449 spondylii
687 1379 814 1447 seminis,
841 1380 1014 1435 ammoniaci
1038 1399 1093 1436 ana

36 1467 61 1506 15
74 1469 109 1514 ÷
123 1456 143 1510 Ι.
173 1456 268 1509 omnia
293 1457 362 1510 trita
386 1476 449 1512 cum
472 1458 532 1512 vini
556 1459 646 1528 eyatis
665 1460 691 1512 Π
713 1459 743 1513 in
765 1458 868 1513 balneo
898 1476 963 1513 cum
991 1461 1093 1516 mulier

75 1535 220 1589 sudaverit
234 1536 324 1590 bibat.
344 1537 421 1592 item.
433 1537 508 1592 cocci
524 1537 611 1591 cnidii
625 1556 715 1607 grana
724 1538 810 1606 XXV,
823 1555 935 1592 murrae
945 1539 1022 1608 scrib
1031 1541 1091 1597 IIII.

76 1614 207 1669 similiter
229 1615 299 1669 trita
323 1634 386 1670 cum
414 1617 474 1672 vini
498 1617 589 1687 cyatis
604 1619 630 1671 H
648 1621 713 1687 post
735 1617 869 1672 balneum
892 1617 984 1674 bibat.
1018 1625 1091 1676 arte-

75 1695 175 1750 misiae
195 1714 292 1750 sucum
310 1697 339 1750 in
358 1694 461 1752 balneo
481 1715 544 1752 cum
564 1698 708 1753 sudaverit
726 1697 816 1765 bibat,
844 1697 916 1751 etsi
935 1715 993 1752 una
1012 1701 1091 1769 potio

75 1780 190 1847 propter
209 1777 344 1832 duritiam
366 1779 472 1833 ventris
496 1777 538 1832 nil
561 1777 672 1845 fecerit,
697 1777 849 1830 secundam
869 1778 898 1830 et
921 1778 1039 1833 tertiam
1058 1797 1092 1834 ex

36 1866 61 1904 20
75 1857 154 1912 illius
173 1875 239 1913 suco
257 1858 401 1927 potionem
420 1859 510 1913 bibat.
540 1858 616 1912 item.
637 1857 778 1927 sulphuris
798 1856 865 1925 rivi,
889 1856 1091 1914 aristolochiae

146 2017 160 2063 1
180 2010 252 2065 XIII.
273 2010 307 2063 de
325 2011 410 2077 partu
429 2008 556 2062 eiciendo
577 2007 636 2062 sine
657 2007 752 2062 dolore
771 2026 795 2078 9.
892 2007 1048 2077 2Diptani
1067 2014 1090 2080 b,

74 2080 202 2150 Diptami
221 2099 268 2152 α9.
342 2079 425 2133 bibat
442 2098 471 2150 9ε
491 2096 541 2134 ora.
563 2081 578 2134 b
598 2079 641 2147 (D.
662 2096 744 2133 sucus
764 2077 788 2131 si
806 2077 936 2132 febrierit
955 2096 979 2133 c.
1000 2097 1046 2148 aq.
1067 2100 1089 2136 c.

74 2151 173 2206 sinon
192 2168 255 2204 cum
274 2150 339 2204 vino
358 2167 422 2204 mox
441 2149 525 2204 eiciet
544 2169 574 2217 a,
600 2150 633 2204 D.
654 2168 674 2205 s.
695 2168 717 2204 c.
737 2167 762 2203 v.
782 2147 866 2202 bibat
884 2151 935 2203 aut
954 2166 1000 2218 aq.
1021 2169 1045 2206 c.
1066 2153 1091 2206 si

73 2222 160 2276 febrit
179 2225 207 2276 et
225 2239 290 2276 mox
309 2221 392 2275 eiciet
412 2221 471 2274 sine
491 2221 587 2274 dolore
606 2225 641 2291 9).
730 2226 746 2273 3
766 2219 835 2273 item
853 2221 917 2275 odd.
937 2222 982 2275 bic
1002 2230 1029 2276 et
1048 2227 1090 2278 iu-

72 2295 120 2360 fra
138 2313 190 2364 aq:
209 2311 259 2348 cus.
280 2296 302 2348 b.
396 2299 413 2345 4
431 2295 506 2346 terat
526 2291 655 2345 districta
674 2294 702 2348 b:
723 2294 835 2344 contere
853 2309 877 2361 9,
899 2290 1041 2362 distringe
1061 2299 1091 2349 et

74 2367 186 2419 contere
205 2383 231 2418 α.
292 2364 321 2416 in
340 2363 406 2416 rino
425 2363 515 2417 veteri
533 2381 558 2433 9.
614 2366 643 2416 et
660 2362 742 2432 potui
761 2363 798 2415 da
816 2380 840 2432 9,
861 2364 890 2415 et
909 2362 946 2415 da
964 2364 1048 2431 potui
1062 2385 1088 2421 u.

74 2441 89 2486 5
109 2452 131 2488 c.
150 2453 187 2488 m.
205 2453 232 2503 p.
253 2451 275 2489 e.
297 2438 324 2489 b:
345 2434 443 2488 statim
461 2434 592 2488 abortum
611 2433 694 2487 eiciet
713 2452 738 2501 a,
758 2450 807 2487 oui.
827 2450 851 2503 9.
925 2437 941 2485 6
961 2450 1047 2504 supra
1064 2455 1090 2508 9.

72 2504 153 2574 ponis
173 2525 198 2559 a.
272 2506 301 2558 et
319 2521 384 2558 mox
401 2524 425 2576 9Ι
500 2503 648 2559 et-tolles
667 2522 716 2559 om.
732 2523 758 2570 a,
778 2502 931 2557 et—faciat
943 2506 980 2573 (8)
997 2522 1048 2560 om.
1063 2526 1089 2577 9.

74 2574 182 2630 blacte
202 2576 225 2629 b.
300 2576 404 2630 datum.
424 2579 566 2630 mortuum
583 2575 674 2629 fetum
691 2592 756 2628 mox
775 2574 842 2628 eicit
861 2593 886 2629 a.
968 2576 1090 2631 8fasci-

73 2646 168 2701 culum
186 2664 272 2699 unum
291 2664 317 2714 a,
336 2645 355 2700 f.
374 2647 388 2700 I
405 2665 429 2718 9.
504 2646 590 2700 sumis
609 2648 640 2700 b:
661 2662 738 2700 sume
758 2664 788 2713 a,
808 2662 858 2700 oue.
877 2663 902 2716 9.
977 2648 1006 2700 et
1025 2647 1044 2701 f.
1065 2665 1090 2703 e.

74 2734 97 2771 0.
110 2718 135 2772 d.
148 2720 176 2772 et
191 2719 219 2771 b:
234 2733 297 2770 cum
311 2716 378 2772 flore
393 2735 444 2772 sua
454 2737 478 2788 9.
522 2723 538 2771 9
553 2716 758 2770 omnem-olla
772 2734 822 2771 om.
838 2735 863 2771 a.
920 2715 1089 2787 distringas:

74 2788 231 2858 distingues
251 2790 274 2842 b.
348 2788 448 2842 eminis
466 2788 557 2842 tribus
578 2790 640 2856 (sic)
661 2789 729 2858 bau.
804 2788 841 2840 ad
859 2786 959 2841 tertias
979 2790 994 2843 b
1001 2807 1032 2860 9:
1052 2791 1092 2844 ad

73 2860 189 2914 tertiam
207 2875 295 2927 usque
315 2878 339 2914 a.
397 2866 430 2913 10
446 2860 571 2928 decoque
590 2877 637 2930 α9.
712 2860 748 2912 da
766 2876 790 2928 9.
853 2864 885 2910 11
906 2857 975 2912 item
993 2876 1044 2915 om.
1064 2881 1090 2932 9.

73 2949 93 2985 s.
114 2931 282 3000 appii÷H
301 2950 326 2987 a.
400 2940 485 3001 399.
556 2935 588 2982 12
604 2930 642 2984 ad
655 2949 707 3000 α9ε
726 2947 776 2984 om.
797 2929 826 2997 (f.
846 2927 1092 2999 magnitudine)b

73 3002 121 3069 (ad
138 3003 254 3057 modum
267 3001 333 3072 fabe
348 3005 384 3071 a).
458 3001 524 3055 rino
539 3001 629 3055 mulso
644 3020 691 3071 α9.
754 3006 788 3054 13
807 2999 1091 3070 ieiuna-(17)cyctis

72 3072 166 3128 Ilum.
187 3092 212 3127 a.
269 3079 303 3126 14
320 3074 406 3127 bacas
425 3091 449 3144 9.
506 3078 539 3126 15
558 3071 624 3126 vino
643 3090 668 3143 9.
741 3071 771 3124 in
789 3071 816 3125 b.
835 3069 917 3139 potui
937 3071 1005 3126 dato
1025 3090 1091 3127 cum

73 3143 218 3198 sudaverit
235 3162 259 3214 9.
338 3149 371 3198 16
390 3142 636 3212 item-(17)bibat
654 3159 705 3196 om.
724 3150 749 3197 et
766 3161 794 3213 9.
884 3142 1045 3211 cocognidii
1066 3147 1090 3201 b.

73 3219 107 3267 17
125 3214 195 3268 tritu
211 3216 234 3269 b.
289 3213 372 3268 bibat
390 3218 419 3269 b:
438 3213 519 3283 potui
538 3213 620 3267 dabis
635 3232 660 3267 a.
709 3213 781 3267 Item
796 3215 848 3266 art.
864 3229 889 3281 9,
909 3212 954 3265 vel
973 3214 1089 3270 artha

74 3290 107 3338 18
126 3285 155 3339 in
174 3285 276 3339 balneo
292 3293 355 3354 post
373 3286 470 3339 sudav.
490 3303 516 3340 a.
583 3287 612 3339 et
630 3283 653 3337 si
673 3291 735 3339 etc:
755 3286 819 3337 baec
838 3284 975 3354 bueoiusq
994 3287 1024 3339 et
1043 3285 1089 3340 bis

73 3360 101 3411 et
119 3359 163 3411 ter
181 3356 206 3410 si
219 3355 250 3408 in
262 3355 353 3425 primo
372 3373 428 3410 non
446 3354 604 3424 profecerit.
697 3360 729 3407 19
748 3353 855 3407 ventris
871 3355 900 3408 b:
921 3355 1046 3424 corporis
1062 3377 1088 3414 a.

143 3427 231 3483 nichil
249 3427 387 3496 profuerit
400 3446 425 3482 a.
486 3425 608 3480 secundo
626 3424 672 3479 vel
691 3424 775 3479 tertio
795 3423 877 3477 bibat
895 3443 921 3478 a.
977 3430 1012 3479 20
1032 3428 1091 3482 sul·

60 3501 136 3561 furis
155 3505 179 3577 b,
200 3498 345 3573 sulphuris
364 3517 411 3572 99.
486 3513 525 3551 ar.
545 3514 565 3551 s.
586 3498 636 3552 ba:
656 3495 804 3550 bituminis
823 3493 928 3548 aristol'
949 3513 973 3566 9.
