2288 3878
493 178 682 232 GYNAEOIA.
1016 177 1082 241 443

114 335 171 404 (13)
203 331 321 387 Veretro
354 332 385 386 in
447 335 503 402 (13)
529 333 657 387 iunctum
682 336 732 390 est.
797 337 852 404 (18)
885 334 933 402 qui
970 336 1081 390 iunctus

60 403 162 488 (quo)
193 402 305 458 collum.
342 402 384 457 vi-
411 403 514 458 vesice.
529 403 625 458 vesica
639 406 734 458 nutem
761 404 1082 461 estvesicecollumlon·

64 491 125 530 s1ca
143 476 193 530 est.
212 473 327 528 tenitur.
342 473 384 527 vi-
412 473 487 528 inter
496 475 566 528 duos
576 490 655 527 renes
669 492 732 529 con·
760 493 829 544 gum
847 474 896 542 qui
910 478 1019 530 veretro
1038 477 1080 530 in-

64 544 383 600 sinuanteminterdnos
411 544 519 598 tinetur
538 545 620 598 detur
635 545 730 601 rentis.
760 548 811 600 est.
835 545 930 600 vesica
954 562 1020 599 vero
1039 564 1081 601 re-

64 615 139 670 renis
158 615 318 670 contenitur
336 615 383 668 de·
412 617 479 668 sunt
495 617 590 669 nutem
605 615 649 668 illi
667 617 732 671 dex·
759 616 843 670 nibus
854 616 1013 670 continetur
1024 634 1082 672 me-

64 688 214 742 currentes.
241 687 307 740 sunt
324 684 383 738 illis
410 687 456 739 tre
465 686 585 754 levaque
593 686 673 740 nervi
683 687 732 754 qui
761 686 810 741 die
845 687 1001 755 utriusque.
1035 703 1080 741 ex-

63 755 384 825 dextralevaquenervi
410 756 558 811 testiculos
577 756 730 814 continent.
760 757 862 826 quibus
889 757 1004 812 renibus
1033 759 1080 812 de-

61 827 112 898 qui
124 826 272 882 testicolus
288 829 383 881 conte·
410 826 469 880 illis
489 844 542 895 que
557 827 647 881 iuncti
666 832 732 884 sunt
760 831 873 882 current
895 829 932 883 ed
955 845 1079 882 nervum.

60 915 131 954 nens
140 897 217 966 quod
226 896 304 967 greci
314 896 383 951 oris-
409 897 557 953 foramine.
579 914 630 968 per
648 916 732 967 quem
758 899 805 953 vel
838 898 993 954 testiculos.
1026 917 1079 967 que

60 967 173 1024 metiris
195 971 300 1022 vocent
324 967 382 1021 illis
409 967 574 1023 tenuissime
597 985 667 1022 vene
694 972 730 1024 eb
758 969 835 1039 greci
892 972 1080 1024 cremasteron

60 1041 160 1094 iuncte
178 1041 243 1093 sunt
267 1039 322 1093 duo
340 1038 382 1092 fo·
411 1038 492 1108 spina
511 1042 539 1095 et
556 1038 682 1093 medulla
700 1040 731 1094 in
758 1043 868 1096 vocant.
884 1041 986 1108 quibus
1000 1041 1079 1095 iunte

58 1109 171 1165 rumine
192 1125 243 1179 per
267 1125 322 1178 que
339 1111 382 1164 te·
409 1109 549 1165 testiculis
568 1126 663 1165 semen
681 1112 730 1164 ud·
758 1114 824 1165 sunt
832 1127 903 1165 vene
915 1111 1079 1166 tenuissime

59 1179 196 1245 nuissime
223 1195 312 1234 venae
345 1180 381 1234 ab
408 1180 560 1236 ministrat.
757 1199 887 1251 spermun
901 1182 1079 1236 deducuntu

49 1251 145 1321 'spine
161 1252 190 1304 et
207 1249 333 1304 medulla
351 1249 383 1303 in
758 1253 880 1308 cerebro.
894 1252 1031 1375 erigiqque
1044 1271 1078 1308 ex

59 1319 210 1376 testiculus
224 1337 320 1375 semen
332 1321 382 1375 ed·
757 1323 837 1397 spine
855 1324 939 1378 medu
951 1324 987 1379 la.

60 1392 242 1446 menestrunt.
306 1392 382 1460 quod

61 1459 140 1532 greci
149 1462 323 1530 permetecus
331 1478 382 1532 po·

60 1549 109 1585 rus
128 1530 280 1601 appellant.
