2288 3878
57 132 96 187 VI

52 335 59 349 ·
144 298 220 358 Sunt
238 304 336 358 autem
350 298 531 375 paucissimi.
551 299 601 375 qui
621 314 690 356 vero
710 303 827 376 praeter
841 296 1072 359 Bruxellensem

57 391 206 466 integrum
234 388 366 447 omnium
393 385 539 446 librorum
572 387 662 445 trium
686 393 809 470 ‚textum
837 385 1074 463 comprehendat

56 495 135 537 unus
158 484 273 548 tantum
298 482 377 535 extat
400 477 517 554 etipse
541 477 690 543 recentior

145 564 400 644 r=llomanus
414 562 659 623 bibliothecae
675 561 1072 625 Barberinianaelll.29

59 649 213 736 (loliorum
227 647 317 734 289),
336 671 424 730 quem
444 671 511 712 cnm
530 654 744 732 excerpsissem
765 657 842 712 enno
859 649 954 732 1881,
973 651 1076 713 hieme

58 744 178 804 demum
202 762 225 803 a.
243 737 382 822 lampat
406 743 515 801 iterum
538 740 648 802 llomae
671 744 794 820 tractapi
819 749 941 820 totoque
966 741 1073 802 collato

57 831 288 911 praeindicatam
321 829 391 889 olim
428 831 599 908 opinionem
635 833 760 890 correxi.
803 832 937 891 continet
971 838 1072 891 autem

57 921 267 981 bibliothecam
290 937 367 979 unus
391 921 475 998 quasi
505 919 651 997 quandam
675 919 835 999 medicam,
859 920 1001 999 scriptam
1022 919 1071 980 lit-

59 1013 132 1071 teris
155 1008 242 1070 modo
261 1008 477 1086 langobardicis
497 1008 612 1067 modo
605 1026 635 1068 m
655 1011 718 1086 ipsa
736 1008 833 1069 ιιιιιιὶι
852 1011 958 1087 pagina
977 1004 1072 1087 scrip-

58 1101 152 1160 iturae
176 1116 283 1178 genere
307 1105 418 1158 mutato
441 1095 610 1175 vulgaribus
638 1115 712 1176 quae
727 1100 806 1157 sunt
829 1097 939 1158 saeculi
962 1096 1073 1177 Xlsllll.

60 1187 91 1247 ln
109 1207 166 1267 qua
185 1187 331 1247 habentur
346 1186 394 1245 al.
408 1183 517 1246 236-
521 1183 586 1247 265
600 1185 748 1246 Τιιιιιιιιιιι
766 1185 912 1246 Prisciani
931 1185 1072 1247 archiatri

58 1277 170 1356 qibrit
172 1294 229 1355 res,
253 1277 304 1353 qui
325 1282 423 1335 tamen
447 1281 569 1353 propter
592 1274 755 1370 secundum
774 1277 825 1353 qui
844 1281 890 1334 est
912 1275 1072 1379 bipertitus

56 1372 187 1425 tuattuor
210 1371 366 1423 numerant
368 1382 411 1423 ur.
436 1363 546 1423 desinit
566 1381 671 1424 manus
691 1362 757 1442 lan
742 1363 900 1423 conamina
919 1373 987 1443 post
1011 1367 1069 1424 ini-

58 1456 120 1514 ium
147 1452 268 1531 capituli
297 1453 388 1529 primi
418 1451 487 1511 libri
505 1450 545 1511 lll
565 1444 621 1534 (ιιι
635 1452 737 1532 estll,
767 1446 817 1556 2)
846 1452 981 1513 succedit
1008 1452 1070 1513 vul-

58 1544 137 1622 garis
160 1549 194 1601 ut
217 1542 354 1618 antiquae
375 1539 538 1619 scripturae
563 1543 710 1621 inpatiens
736 1543 895 1620 minusque
913 1543 1038 1620 perita
1030 1549 1070 1602 ιιι

58 1634 157 1692 minus
181 1638 324 1690 accurata.
348 1636 446 1691 tentus
469 1639 566 1691 autem
591 1632 621 1691 id
644 1629 793 1710 peculiare
823 1629 911 1690 babet
935 1628 1015 1708 quod
1039 1633 1069 1690 in

58 1722 206 1801 principio
230 1719 349 1799 quidem
372 1722 471 1799 operis
490 1720 650 1781 editionem
673 1728 706 1781 ut
728 1722 770 1779 ita
789 1718 885 1779 dicam
908 1718 1070 1780 secundam

59 1815 175 1889 repetat
194 1810 304 1870 codicis
322 1809 525 1870 Berolinensis
544 1817 631 1888 atque
651 1811 715 1887 ipsa
734 1808 943 1888 additamenta,
962 1808 1071 1886 quibus
1108 1869 1111 1877 ,

59 1899 219 1962 uberrimis
235 1918 269 1960 ex
285 1899 341 1959 alio
356 1900 483 1977 quodam
499 1906 619 1958 auctore
633 1896 720 1975 paulo
740 1899 905 1957 recentiore
917 1890 1010 1981 (saec.
1020 1892 1070 1980 Vl)

59 1989 108 2049 illa
135 1988 309 2068 interpolata
338 1995 396 2067 cst,
413 1985 531 2046 deinde
559 2005 575 2044 a
604 1984 732 2066 capitulo
760 1985 796 2046 de
824 1984 918 2046 oculis
945 1985 1070 2046 consilio

59 2086 172 2139 mutato
205 2077 338 2137 codicem
372 2071 497 2134 alterum
529 2073 639 2132 bonum
671 2092 838 2177 purumque
871 2082 1013 2154 sequatur
1042 2083 1072 2134 et

59 2166 246 2228 bruxellensi
264 2163 325 2221 Vat
305 2170 461 2239 ticenoque
481 2165 525 2221 int
526 2165 681 2241 egriorem.
706 2165 757 2241 qui
776 2163 846 2224 licet
864 2162 921 2223 levi
945 2163 1070 2243 quadam

60 2257 92 2315 in
118 2255 250 2313 minimis
271 2246 365 2333 (velut
387 2250 544 2311 verborum
565 2251 668 2311 ordine
686 2259 780 2312 mutat
782 2251 984 2332 oadditisque
1003 2271 1070 2331 par-

59 2336 174 2425 ticulis)
197 2359 251 2444 pro
272 2339 381 2399 saeculi
400 2342 514 2401 ratione
533 2340 578 2401 vel
598 2331 766 2419 corrigendi
789 2340 835 2401 vel
853 2340 988 2402 mutandi
1009 2348 1071 2402 stu-

66 2431 176 2492 diot
147 2433 268 2509 etipse
296 2429 417 2488 allectus
445 2431 496 2510 sit,
527 2426 591 2490 sine
624 2432 688 2490 eius
716 2437 815 2490 tamen
839 2448 893 2508 ope
921 2427 1072 2509 desperati

60 2522 188 2582 luissent
210 2519 268 2578 loci
291 2519 342 2596 qui
366 2536 472 2579 cume
473 2515 545 2579 tiam
569 2522 600 2578 in
624 2519 694 2578 edit
674 2526 753 2578 tione
778 2518 937 2579 Geleniana
962 2538 998 2579 ιιι
1022 2538 1070 2591 ιο-

61 2610 126 2671 dice
134 2608 244 2669 mutilo
264 2607 338 2667 lacta
357 2606 608 2688 desiderarentur,
627 2607 719 2703 solius
739 2606 849 2667 codicis
867 2607 1071 2671 Bruxellensis

60 2698 135 2760 mala
168 2698 225 2757 fide
257 2696 408 2756 ttraderen
396 2704 453 2757 utr.
486 2697 600 2758 accedit
632 2687 667 2757 ιι
697 2696 753 2756 hoc
782 2715 841 2757 uno
871 2696 972 2757 codice
1001 2697 1072 2758 exili

60 2788 205 2849 Prisciani
220 2788 298 2866 capit
286 2785 347 2845 tulo
357 2784 462 2845 XXXll
475 2805 530 2866 pro
545 2784 749 2888 supplemento
765 2785 896 2845 additum
897 2785 1071 2865 capitulum

61 2878 98 2938 de
126 2876 237 2936 calculo
262 2868 338 2959 (sive
362 2877 461 2953 potius
489 2875 525 2935 de
549 2876 664 2935 vesicae
687 2869 782 2958 vitiis)
805 2876 968 2956 integrum,
992 2875 1070 2954 quod

61 2985 129 3027 cum
152 2966 261 3044 partim
281 2970 361 3024 extet
379 2965 410 3023 in
428 2962 624 3044 Berolinensi,
644 2965 776 3043 quamvis
795 2963 928 3024 diversae
947 2966 1072 3024 rationis

61 3063 91 3116 et
114 3055 332 3133 disputationis7
356 3050 478 3112 editioni
498 3052 644 3113 secundae
662 3055 816 3134 proprium
839 3054 936 3131 primo
960 3055 1093 3140 intuitu·

61 3144 221 3222 videretur,
244 3143 303 3202 nisi
326 3139 430 3199 eodem
452 3141 539 3200 modo
563 3159 621 3219 quo
645 3141 758 3220 reliqua
777 3143 885 3220 partim
902 3149 1070 3203 truncatum

61 3233 134 3294 illud
162 3233 270 3310 partim
229 3234 460 3292 rmaauctum'
444 3236 530 3308 atque
554 3231 595 3289 ita
616 3229 746 3292 Pseudo-
748 3229 903 3290 Theodoro
925 3233 1071 3291 vetustius

40 3316 181 3383 'doceret
207 3317 444 3379 barberinianus.
473 3320 609 3378 cautione
636 3327 735 3379 tamen
762 3321 852 3380 etiam
875 3320 907 3378 in
941 3318 997 3379 hoo
1021 3338 1070 3380 co·
1138 3349 1142 3359 ·

61 3411 127 3472 dice
155 3406 320 3470 adhibendo
353 3424 427 3484 opus
456 3425 521 3467 esse
550 3425 672 3469 moneor
695 3425 730 3468 eo
758 3407 837 3490 quod
865 3409 917 3486 qui
939 3407 1072 3469 diversas

61 3499 254 3580 duplicesque
278 3495 418 3557 lectiones
442 3495 490 3557 hic
508 3495 569 3556 illic
591 3495 735 3576 praebere
758 3502 907 3578 arguatur,
929 3493 996 3557 fieri
1017 3515 1072 3577 po·
1134 3541 1140 3554 .

169 3816 172 3821 -
215 3816 254 3826 Α
437 3814 493 3823 ..-
