2288 3878
79 176 124 239 40
391 176 583 229 rusonour
600 176 781 229 numeram

455 262 471 297 0

81 350 110 402 et
134 340 278 400 marrubii
303 360 392 401 sucus
415 359 482 402 curn
502 339 569 400 selle
588 342 707 401 taurino
727 348 757 401 et
776 340 865 401 melle
884 328 972 402 attico
989 342 1093 420 aequis.
1123 364 1130 381 ·

81 428 264 510 ponderibus
297 432 475 490 commixtus
508 432 548 489 ita
580 436 673 489 currat.
724 436 754 489 et
787 431 927 491 ursinum
958 429 997 491 iel
1023 446 1077 491 um

82 538 174 597 aquae
199 517 288 596 dupla
311 536 451 578 mensura
475 516 614 578 similiter
635 526 750 596 purgat.

172 609 198 666 si
224 606 298 667 haec.
326 625 397 667 sane
421 605 586 679 obscuritas
610 608 773 667 senectutis
796 608 892 685 magis
915 625 1003 687 quam
1021 609 1080 667 vitio
1113 642 1116 651 ·

56 697 173 757 sinerii
206 694 373 775 oculorum,
406 713 477 755 suro
511 693 580 754 mali
612 697 728 773 granati
759 695 821 755 mel
852 697 977 757 atticum
1004 712 1082 775 aequ

39 848 43 855 ,
83 803 222 853 mensura
247 782 455 844 commiscebis
479 790 508 843 et
531 785 634 844 uteris.
674 790 855 845 vetustatum
872 790 976 846 tamen
992 784 1085 847 melius

83 873 263 953 operabitur,
291 890 361 931 sane
386 874 412 931 si
437 890 526 949 quam
554 870 683 949 plurimo
706 878 842 951 tempore
864 891 917 933 vas
943 872 1016 935 iilud
1042 872 1096 935 sub-

82 963 150 1023 divo
174 962 270 1021 iacias.
289 977 472 1038 permanere.
518 959 575 1020 hoc
598 962 688 1020 etiam
710 959 910 1040 scriptoribus
929 969 961 1023 et
978 964 1088 1042 pictori·

81 1050 138 1111 but
163 1068 251 1128 saepe
274 1048 394 1128 profuit.
432 1050 520 1108 etiam
539 1050 640 1109 vinum
659 1050 805 1127 optimum
824 1056 909 1112 votus
929 1052 1089 1113 innectens

43 1151 69 1191 10
82 1139 246 1200 adhibitum
279 1138 432 1199 oculorum
466 1139 558 1197 aciem
595 1138 776 1198 reformavit
832 1136 922 1199 aliud.
970 1142 1002 1201 in
1033 1138 1089 1199 oleo

81 1228 192 1289 mundo
216 1227 285 1287 solia
309 1226 453 1308 marrubii
476 1227 633 1306 mittimur,
656 1232 777 1285 etcum
800 1233 938 1306 tempore
957 1227 1020 1289 iilic
1038 1246 1089 1288 ma·

82 1318 259 1397 tumuerint,
286 1317 428 1394 proiectis
457 1312 535 1373 soliis
564 1332 599 1374 ex
625 1332 661 1374 eo
685 1313 750 1374 oleo
774 1313 976 1377 obscuritates
1001 1315 1089 1378 oculo

82 1422 149 1463 rum
168 1394 357 1489 expellimus.
403 1404 458 1463 hoc
482 1402 586 1463 beluac
610 1402 649 1462 sel
672 1404 798 1462 mixtum
822 1403 904 1464 melli
932 1404 1018 1486 iacit,
1043 1405 1091 1465 boc

85 1510 174 1551 sucus
192 1497 277 1550 rutae
298 1509 364 1550 curn
383 1490 469 1552 melle
489 1490 635 1551 similiter.
673 1509 741 1551 nam
761 1498 791 1551 et
807 1490 996 1555 chelidoniae
1011 1510 1090 1573 sucus

46 1593 72 1633 15
86 1587 115 1640 et
139 1577 270 1658 feniculi,
293 1578 423 1639 lactucae
449 1597 567 1658 quoque
591 1581 717 1657 agrestis
737 1586 766 1639 et
785 1579 843 1640 mel
862 1582 990 1643 atticum
1008 1599 1092 1661 aequa

84 1685 223 1728 mensura
233 1666 375 1745 caligines
387 1675 416 1727 et
426 1668 631 1748 obscuritates,
642 1667 799 1746 aliquando
814 1670 905 1729 etiam
920 1671 1093 1732 suffusiones

83 1755 293 1816 liberaverunt.
314 1783 318 1791 ·
336 1764 366 1816 et
388 1759 538 1817 taurinum
562 1756 601 1816 iel
624 1759 750 1817 mixtum
771 1756 852 1818 melli
872 1759 917 1819 sic
936 1760 1057 1837 profuit.

153 1915 169 1963 3
188 1909 320 1964 similiter
337 1910 466 1965 rBGeI.:
486 1927 535 1964 om.
555 1911 571 1963 b
630 1916 695 1978 post
711 1911 817 1979 purgat·
833 1912 865 1964 in
884 1911 900 1965 b
919 1928 972 1981 seq.
991 1913 1095 1968 additu-

81 1989 172 2038 mcata
195 1984 288 2036 atiena
307 1984 346 2051 (p.
366 2000 389 2036 a.
406 1984 454 2050 13)
479 1979 526 2034 Sal
551 1981 743 2061 cappadocum
763 2025 811 2035 ...
833 1980 961 2037 solutius.
996 1982 1028 2038 si
1048 1982 1097 2036 hac

81 2052 174 2124 caligo
193 2054 336 2107 senectute
355 2050 447 2120 magis
461 2067 547 2119 quum
560 2051 634 2105 vicio
653 2051 739 2105 fuerit
752 2058 817 2107 etc..
872 2057 890 2105 4
909 2069 980 2108 sune
999 2054 1095 2110 rGet:

81 2141 130 2179 orn.
151 2126 207 2180 bB.
306 2121 459 2177 senectutis
477 2122 603 2177 auset:
623 2123 687 2176 -te
706 2124 729 2176 b.
820 2121 894 2177 vicio
914 2125 943 2179 b:
963 2123 1098 2179 viciorum

80 2197 128 2250 rB
140 2197 197 2251 sel.
214 2195 324 2264 (vitium
339 2194 432 2271 Neu),
472 2198 487 2245 5
503 2192 588 2247 fuerit
603 2195 653 2261 (oc.
668 2193 749 2262 rtB)
760 2199 825 2262 post
836 2192 930 2265 magis
943 2195 1028 2251 tator
1042 2194 1115 2251 uu.-

81 2283 146 2321 suco
167 2265 304 2327 ...mei
322 2263 440 2319 atticum
462 2282 477 2319 r
501 2263 593 2332 (melli
619 2265 701 2318 ttaco
724 2265 753 2331 b,
781 2263 866 2319 melle
896 2264 988 2319 attico
1015 2266 1098 2337 Getis

81 2354 178 2390 sucum
194 2336 329 2393 ...melli
348 2335 435 2390 attico
455 2335 489 2389 B.
600 2340 615 2388 6
636 2334 798 2389 commisces
818 2334 904 2403 (-cis
923 2339 948 2406 r)
968 2338 1000 2391 et
1018 2338 1100 2393 Bor:

82 2407 239 2462 commixtis
261 2410 318 2463 Get.
422 2407 597 2459 vetustatum
616 2405 712 2459 tamur
725 2405 825 2461 melius
839 2406 900 2461 Br:
916 2407 1059 2462 vetustius
1073 2410 1102 2463 et

80 2475 214 2599 meldpius
229 2479 309 2534 odet.
367 2485 468 2532 tsane
486 2478 546 2532 Br:
566 2476 616 2531 ssd
639 2478 697 2532 Get.
717 2478 777 2545 (om.
798 2479 831 2545 t).
886 2492 938 2531 vas
956 2476 1032 2533 illud
1050 2480 1101 2535 Bb

82 2545 143 2613 (illu
182 2561 233 2600 vus
251 2550 289 2616 r):
307 2549 455 2603 vasculum
475 2548 532 2603 cet.
670 2547 722 2601 sub
742 2546 807 2602 divo
827 2546 935 2602 insule
954 2550 1022 2606 add.
1041 2569 1065 2606 r.

82 2622 202 2686 9scepe
219 2618 326 2686 profuit
343 2619 454 2676 Boot:
472 2620 588 2688 prodest
606 2629 629 2673 o.
774 2617 1103 2677 setium-reformavit

81 2687 205 2743 rhoet:
224 2705 273 2743 om.
293 2690 328 2743 B.
384 2690 471 2753 etiam
489 2688 586 2744 rdet:
607 2689 647 2744 sic
666 2691 689 2744 b.
749 2690 862 2743 noctem
882 2689 954 2745 Gelo
976 2693 1103 2749 —t'ebc

84 2765 117 2825 10
137 2757 216 2813 uliud
229 2760 277 2815 rB
289 2760 360 2815 eat:
379 2777 429 2815 cru.
450 2762 473 2815 b.
581 2768 610 2815 11
632 2759 784 2815 mittimus:
803 2759 952 2814 miscemus
973 2763 1023 2817 rB
1032 2764 1103 2833 set,

83 2829 207 2898 (mundo)
225 2828 370 2884 miscimns
389 2834 448 2900 (om.
469 2830 499 2883 in
518 2831 589 2901 oleo)
609 2834 633 2886 b.
707 2830 775 2884 illuc
793 2849 815 2885 r.
893 2834 1105 2889 maturaverint

83 2902 178 2968 cht,
198 2900 271 2954 —rit
288 2903 349 2956 rB:
368 2901 574 2956 maturaverint
592 2903 663 2958 Neu.
821 2907 854 2955 12
874 2917 907 2956 eo
926 2920 949 2968 r,
969 2902 1020 2958 iilo
1042 2906 1103 2962 ua.

82 2972 155 3041 (ipso
175 2973 214 3041 b):
235 2971 294 3026 solo
313 2973 348 3026 Β.
457 2972 645 3027 obscuritates
665 2971 808 3027 oculorum
827 2972 926 3042 rua,
939 2973 1018 3030 obse.
1040 2978 1102 3046 (om.

82 3044 134 3114 oc.)
153 3043 193 3097 B:
212 3042 380 3113 intingentes
399 3042 543 3097 oculorum
561 3044 636 3099 obsc.
657 3044 680 3098 b.
808 3047 841 3095 18
860 3043 915 3097 hoc
932 3047 998 3099 rute
1016 3062 1102 3102 sucus

82 3115 131 3182 eq⁰
150 3115 230 3183 (equs
244 3131 299 3184 pro
318 3115 399 3184 sque)
414 3131 478 3167 cum
495 3114 579 3169 melle
599 3115 731 3184 operatur
745 3115 769 3169 b.
843 3119 877 3166 14
891 3113 1027 3171 similiter
1040 3119 1102 3174 Br:

56 3198 59 3205 ·
82 3182 214 3238 similiter
230 3183 302 3238 facit
322 3185 380 3240 Get.
453 3200 519 3237 nam
538 3187 567 3239 et
580 3180 619 3241 B:
638 3184 693 3240 hoc
712 3187 734 3240 b.
810 3190 842 3237 15
861 3200 917 3253 quo
937 3201 974 3241 ue
989 3187 1101 3244 Met:

82 3274 131 3312 om.
152 3258 195 3311 br.
279 3254 381 3309 etmel
400 3254 519 3309 atticum
538 3272 684 3325 aequum.
703 3257 802 3313 ridet:
822 3257 914 3310 etms
940 3255 1018 3311 ‘otis
1037 3276 1101 3313 cum

82 3342 172 3396 sqnue
191 3343 227 3382 m.
247 3327 274 3381 B
293 3324 400 3397 (equsii
418 3341 549 3380 mensura
567 3326 748 3397 mellestaco
767 3326 856 3380 mixto
871 3328 905 3397 b).
981 3333 1015 3382 16
1032 3328 1110 3384 cedi--

103 3397 109 3409 '
132 3396 364 3453 as—suffusiones
387 3395 580 3451 liberaverunt
597 3398 728 3453 rBGeb:
759 3396 964 3452 obscuritates:
982 3401 1012 3454 et
1035 3417 1099 3455 ocu·

93 3485 172 3523 orum
191 3467 358 3523 suffusiones
378 3467 438 3521 sine
456 3483 536 3521 mors.
555 3467 673 3523 detersit
691 3470 714 3523 b.
829 3472 862 3522 17
881 3467 1003 3523 mixtum
1020 3469 1098 3525 melli

79 3543 91 3608 {
93 3540 153 3595 -le
168 3541 205 3611 B)
220 3539 261 3595 sic
272 3538 381 3611 profuit
393 3539 441 3594 rB
454 3538 527 3594 Get:
546 3537 624 3597 melli
641 3538 765 3594 cb'mixti
781 3537 912 3593 similiter
921 3538 1061 3609 nperutur
1073 3542 1095 3596 b.
