2288 3878
68 156 134 222 308
404 154 750 210 resono-sunonem

71 333 158 386 pones
178 315 230 369 sub
245 316 348 386 capite.
375 315 445 371 item
459 314 490 369 in
507 312 578 368 folia
596 312 672 368 lauri
685 312 799 383 scribes,
819 317 849 370 et
861 331 938 385 pone
952 316 1092 372 nescienti

74 394 126 450 sub
146 395 253 466 capite,
273 400 302 450 et
321 396 397 451 dices
411 412 514 451 nomen
527 392 627 448 matris
645 392 706 448 eius
721 410 785 448 oum
798 394 871 449 facis
880 402 905 450 a
915 396 954 452 SS
969 398 1091 452 Kbtltl.

73 479 159 544 tyono
179 477 251 530 ΦΝιι.
286 475 355 529 item
378 474 483 530 scribes
506 472 582 528 intra
604 471 724 527 calicem
745 473 862 530 nomina
884 474 963 531 infra
986 478 1092 548 scripta

73 555 203 612 Dormiat
225 555 276 610 ills
295 554 383 609 Gaius
402 554 482 610 Seius
501 568 628 608 somnum
646 550 809 609 humanum.
843 555 906 609 t<ce
923 556 1092 612 ntwcccs

45 635 154 691 scos.
188 634 264 689 dices
284 635 314 689 in
328 634 416 689 calice
435 638 465 689 ct
483 632 565 688 dabis
584 629 611 685 ei
625 630 672 684 cui
686 632 772 702 voles,
792 637 822 690 et
840 634 942 690 statim
961 637 1091 694 dormiet.

75 712 340 769 [exorandam
359 714 446 770 facies
462 713 550 785 pilam
571 715 701 780 deceta,
722 717 751 768 st
770 714 861 769 scribe
878 715 911 769 in
930 732 965 770 ea
981 715 1092 772 ob’acta

78 793 459 865 ξΟΝΤΟΝΧΟΕὰΙΝὰΙΤὰΝ
486 792 584 850 ΤὰΧΕΙ
609 800 656 852 ab,
677 791 966 862 Bcssrnzonleao
987 797 1091 852 creto

74 872 425 929 nlaoeuocnectoeeeei
455 875 577 930 dormiat
603 876 653 931 ille
677 892 761 945 quem
783 874 895 946 peperit
917 875 971 931 illa
1000 880 1030 932 et
1057 878 1093 932 ad

75 970 175 1007 nasum
194 952 249 1007 sibi
273 957 371 1008 teneat
389 957 418 1008 et
437 953 561 1010 olfaciat.
599 955 725 1011 cocleam
749 954 906 1009 africanam
929 955 1046 1013 inanem
1063 957 1093 1011 id

35 1036 120 1089 locst
142 1035 246 1087 testam
274 1032 334 1087 eius
361 1050 481 1088 vacuam
509 1051 626 1103 quaeras
655 1038 685 1090 et
711 1035 808 1090 mittes
827 1033 858 1087 in
883 1051 918 1089 ea
946 1034 1044 1092 oleum
1065 1041 1093 1092 et

75 1113 216 1182 lychnum,
243 1116 272 1167 et
295 1113 335 1166 sic
358 1112 502 1168 lucernam
521 1115 667 1184 incendes,
692 1118 721 1171 et
745 1113 883 1169 nescienti
902 1119 1023 1184 aegroto
1043 1117 1093 1171 sub

77 1192 182 1247 lectum
213 1208 308 1261 pones.
338 1193 473 1261 quamdiu
497 1194 620 1264 arserit,
653 1195 703 1250 ills
737 1193 865 1250 dormiet.
899 1198 1094 1264 argemoniam

77 1272 215 1327 nescienti
234 1273 271 1327 ad
290 1277 376 1342 caput
394 1273 505 1344 ponito,
525 1277 554 1329 et
571 1274 627 1329 nisi
646 1291 710 1329 eam
727 1273 836 1343 tuleris,
854 1290 914 1329 non
932 1274 1092 1345 evigilabit.

188 1396 329 1463 11111
344 1401 404 1464 (15)
424 1397 469 1451 De
491 1397 701 1469 lethargicis
720 1400 796 1468 (post
814 1397 981 1469 compellit).

36 1490 63 1530 15
149 1474 355 1544 Lethargum
383 1475 432 1529 sic
460 1477 647 1547 excitabis,
676 1477 701 1532 si
728 1477 842 1533 cimices
864 1477 918 1532 VH
945 1478 978 1533 in
1004 1497 1094 1549 aquae

77 1552 168 1623 cyatis
188 1553 311 1621 quinque
330 1555 442 1624 mittas,
466 1559 496 1611 et
514 1557 563 1611 des
586 1557 668 1628 potui
686 1562 840 1626 antequam
858 1557 978 1615 cibetur.
1007 1564 1094 1616 testu-

78 1631 152 1686 dinis
171 1632 286 1702 sanguis
301 1632 332 1687 in
345 1633 437 1690 fronte
452 1635 566 1709 [ligato]
574 1637 695 1692 illinitus
709 1638 831 1707 prodest.
855 1640 950 1692 rutam
965 1655 1001 1694 ex
1015 1645 1095 1697 aceto

78 1712 178 1767 tritam
201 1728 297 1766 eorum
319 1714 435 1769 naribus
459 1716 634 1771 odorandum
660 1715 826 1787 applicabis.
856 1716 1041 1787 sisymbrium
1063 1738 1096 1776 er

79 1797 159 1848 aceto
178 1792 278 1848 tritum
298 1797 327 1848 ct
346 1795 473 1866 lethargo
492 1797 522 1851 in
541 1796 634 1867 capite
652 1797 777 1852 infusum
794 1796 898 1852 mirum
916 1801 969 1854 est.
999 1800 1096 1871 pulmo

37 1891 64 1930 so
78 1874 195 1944 pecudis
220 1873 329 1929 calidus
354 1874 378 1928 si
401 1875 476 1930 circa
499 1893 595 1931 eorum
618 1878 704 1945 caput
726 1874 843 1946 ligetur,
872 1879 1022 1945 expertum
1046 1882 1095 1933 est.

79 1956 189 2025 caprini
214 1974 299 2011 cornu
323 1956 393 2010 odor
415 1955 577 2026 lethargum
596 1955 717 2010 dormire
740 1973 797 2010 non
819 1954 937 2025 patitur.
967 1957 1096 2014 euforbio

78 2035 109 2089 in
128 2039 209 2091 aceto
229 2035 322 2091 soluto
342 2035 366 2089 si
385 2052 482 2090 eorum
500 2052 583 2090 nares
602 2034 758 2106 contingas,
777 2034 883 2089 bonum
901 2039 953 2091 est.

151 2115 369 2171 Obliviosum
388 2115 602 2184 emendabis,
626 2114 650 2168 si
666 2112 760 2168 oculos
775 2112 855 2168 milvi
873 2112 980 2184 ligatos
995 2117 1027 2171 in
1040 2117 1096 2172 foe-

79 2195 155 2250 nicio
173 2199 266 2266 portet
284 2195 315 2249 in
333 2194 414 2249 collo.

40 2331 66 2371 ac
187 2320 235 2374 Aa
248 2319 322 2386 HM
338 2323 397 2386 (19)
418 2317 464 2371 De
481 2314 683 2385 pleuriticis
702 2321 777 2388 (post
796 2319 979 2389 cognoverit).

152 2398 230 2453 Haec
245 2401 340 2453 autem
349 2396 460 2451 utiliter
470 2395 628 2452 adhibebis.
643 2395 720 2451 faeni
734 2397 829 2468 graeci
837 2398 965 2467 ÷VIHI‚
976 2401 1097 2456 castorei

81 2477 117 2539 ’-;-
132 2477 192 2532 XII.
211 2477 355 2546 pulverem
379 2475 466 2530 facies
486 2478 515 2529 et
539 2475 740 2532 commiscebis.
771 2477 852 2531 dabis
876 2480 972 2533 autem
995 2479 1097 2533 exinde

83 2554 209 2610 cocleare
228 2574 315 2610 unum
333 2573 397 2609 cum
414 2554 523 2609 mulsae
542 2558 625 2624 cyato
643 2574 709 2627 uno,
728 2557 752 2611 si
771 2557 899 2630 (febris)
917 2557 1013 2629 fuerit,
1034 2577 1098 2614 cum

85 2652 159 2704 aqua
187 2635 294 2704 calida,
322 2635 435 2690 curasti.
466 2635 609 2704 epithema
631 2636 690 2691 tale
718 2637 813 2692 facies.
845 2653 925 2692 cerae
948 2639 1044 2707 pondo
1063 2642 1096 2708 ΙΙ,

42 2729 68 2770 co
82 2713 178 2784 butyri
195 2728 231 2774 ÷
244 2716 274 2785 Ῑξ,
303 2715 362 2770 sevi
384 2715 491 2770 taurini
509 2727 544 2774 ÷
562 2716 601 2786 Π,
630 2720 713 2771 rutae
736 2716 835 2772 viridis
859 2716 992 2772 foliorum
1009 2731 1046 2779 ÷
1063 2721 1096 2787 Π,

155 2848 289 2903 lscribis
308 2851 331 2905 b.
387 2849 495 2905 2dicis
515 2852 539 2906 b.
608 2848 743 2904 ascribis
764 2852 787 2905 b.
843 2849 971 2906 lseius:
992 2851 1053 2906 eius
1073 2856 1097 2909 b.

84 2956 216 3025 dpilab.
268 2956 446 3014 tinnaueb·
502 2956 643 3025 loqueris
658 2957 682 3011 b.
733 2955 830 3010 mittes
845 2959 868 3012 b.
921 2963 953 3010 11
972 2935 1054 3028 lignis
1074 2962 1097 3014 b.

85 3033 118 3081 12
137 3026 219 3096 ponis
238 3029 261 3082 b.
340 3027 523 3083 acrimoniam
542 3030 565 3083 b.
644 3032 677 3082 lt
696 3026 831 3097 litargum
850 3032 887 3091 (et
904 3030 944 3083 stc
962 3029 1053 3097 iufra)
1074 3033 1097 3085 b.

155 3097 262 3152 excitas
282 3100 305 3154 b.
394 3099 507 3154 cimices
524 3098 590 3156 VII:
609 3100 643 3167 cs.
663 3099 735 3152 idam
752 3099 829 3168 opud
843 3098 888 3154 Pe.
909 3098 984 3154 Plio.
1003 3101 1024 3167 f.
1046 3105 1093 3155 64ὁ

84 3171 152 3225 Bas.
205 3174 237 3224 17
251 3168 342 3239 ligato
358 3173 421 3239 (sic)
434 3173 456 3226 b.
509 3174 542 3224 18
562 3167 754 3240 sisymbrium:
774 3168 946 3238 spondilium
960 3169 1005 3226 Ps.
1021 3171 1097 3227 Plio.

85 3247 119 3295 20
137 3239 253 3310 peducis
269 3243 292 3296 b.
312 3243 346 3308 cf.
366 3241 411 3297 Ps.
432 3242 508 3296 Plio.
524 3243 541 3297 l.
561 3259 583 3296 c.
601 3242 622 3309 s.
638 3243 685 3296 64⁶
704 3244 763 3295 ctd.
853 3246 885 3294 21
906 3240 984 3295 corni
1003 3244 1026 3297 b.

85 3310 366 3367 Euforb...solut1‘1
385 3315 401 3368 b
421 3314 467 3394 (cf.
488 3313 534 3368 Pc.
554 3313 629 3367 Plias.
649 3313 665 3366 t.
686 3317 727 3374 c).
828 3316 862 3364 23
882 3310 945 3366 Obl.
965 3313 1098 3367 emendas

86 3385 172 3452 (rubr.
192 3386 255 3452 scr.)
276 3386 300 3439 b.
372 3382 480 3439 femceo
500 3386 524 3439 b.
584 3388 618 3437 at
637 3379 771 3436 comisces
790 3382 814 3436 b.
900 3387 935 3437 28
954 3387 989 3437 cir
1007 3383 1099 3438 mulsa

76 3456 250 3585 chaftdiln
275 3453 304 3509 si
317 3453 388 3585 guas·
406 3459 440 3508 cir
459 3471 534 3522 aqua
552 3452 603 3508 cal'
620 3452 759 3524 b(odda'cli
775 3450 880 3523 febris).
935 3459 969 3510 29
988 3453 1060 3509 facis
1074 3457 1097 3511 b.

146 3545 206 3585 osa
267 3539 301 3589 ÷
335 3572 341 3585 .
