2288 3878
67 165 109 229 68
378 169 568 221 THEODORI
586 168 766 220 Pluecmu

67 351 168 392 rerem
192 351 349 411 aspergere
374 334 523 412 coeperis,
547 331 796 410 perunguendum
819 340 866 393 est
888 331 997 393 vulnus
1019 335 1084 411 pice

68 421 219 482 solutiore.
258 421 345 481 aliud.
379 420 553 500 particulam
567 423 645 481 utris
658 422 774 502 vinarii,
793 423 925 481 resinam
938 438 976 481 ex
991 439 1084 499 aequo

68 510 226 571 combures
259 518 289 570 et
320 512 415 570 uteris
447 509 568 588 pulvere
602 509 736 570 colletico
768 517 799 570 et
829 511 880 588 qui
912 509 1086 588 frequenter

69 601 222 677 sanguinis
251 599 363 658 lluxum
386 598 481 658 valeat
504 597 671 676 probibere.
719 604 749 658 et
770 598 984 677 mandragorae
1008 598 1086 658 loliis

41 690 148 748 onius
176 707 243 748 cum
267 690 335 747 vino
364 695 394 747 et
422 705 497 765 aqua
525 686 645 747 altiores
672 704 834 765 percussus
862 686 1087 765 cataplasmabi·

69 795 145 858 mus,
165 795 239 855 quae
255 776 495 854 compendiosius
513 774 723 854 perdurabunt.
761 775 849 836 aliud.
882 774 954 836 mali
972 779 1089 854 granati

69 884 160 943 grana
183 864 280 925 dulcia
304 872 386 924 cocta
409 867 441 924 in
460 867 528 924 rino
548 863 721 942 diligentius
742 866 868 925 terimus
887 871 918 924 et
941 866 973 924 in
992 866 1089 925 vicem

69 954 285 1033 cataplasmatis
314 952 503 1033 adhibemus,
535 953 716 1012 adiutorium
747 953 912 1032 probatum.
960 971 1030 1013 nam
1058 962 1089 1014 et

68 1043 204 1103 betarum
228 1041 364 1103 surculos
386 1044 519 1120 exceptis
539 1041 617 1101 loliis
637 1040 731 1101 elixos
749 1048 780 1101 et
798 1044 885 1102 tritos
904 1043 1089 1120 imponimus

29 1145 56 1185 10
69 1132 207 1193 similiter
230 1131 409 1210 profuturos.

16 1217 59 1283 66
159 1223 185 1280 si
204 1223 286 1281 canis
306 1238 408 1279 morsu
423 1221 490 1297 quis
508 1218 599 1278 luerit
612 1216 793 1300 vulneratus,
807 1221 948 1279 continuo
964 1223 1090 1299 spongia

69 1328 143 1387 aqua
168 1309 273 1386 lrigida
297 1309 395 1368 inlusa
419 1315 469 1367 aut
493 1306 620 1385 oxymeli
643 1307 823 1385 imponenda
847 1314 905 1387 est,
930 1326 1006 1387 quae
1029 1309 1090 1369 lre·

71 1404 197 1476 quenter
220 1396 327 1456 exhinc
350 1396 499 1474 irriganda
519 1397 584 1455 erit.
626 1397 723 1473 primo
742 1414 812 1457 vero
832 1395 967 1457 eiusdem
986 1396 1089 1458 vulne-

70 1487 127 1545 rati
154 1483 226 1543 lotio
250 1484 357 1544 vulnus
386 1484 581 1545 secundum
611 1483 748 1562 lysicos
781 1484 1007 1545 fomentandum
1035 1494 1089 1547 est.

31 1588 57 1628 ro
72 1581 103 1634 et
120 1574 202 1651 porri
222 1591 290 1632 cum
309 1572 395 1632 melle
414 1576 479 1633 triti
497 1581 527 1633 et
545 1574 678 1651 impositi
695 1573 800 1633 eodem
818 1573 906 1633 modo
920 1573 1089 1635 medentur.

71 1669 101 1722 et
133 1661 254 1721 lacrima
287 1660 402 1721 arboris
434 1662 509 1722 ficus
540 1662 681 1722 continuo
709 1664 736 1722 si
762 1680 891 1743 unguas,
922 1662 981 1723 hoc
1008 1663 1089 1724 idem

70 1757 209 1830 praestat.
256 1757 286 1810 et
313 1753 453 1829 spongiae
482 1750 565 1811 rudis
595 1749 765 1810 combustae
793 1752 869 1810 cinis
897 1769 967 1811 cum
995 1750 1089 1830 liqua-

71 1842 150 1900 mine
174 1839 248 1900 fious
271 1841 381 1899 mixtus
400 1858 454 1918 par
472 1839 651 1899 beneficium
671 1839 748 1899 lacit.
795 1838 882 1899 aliud.
924 1838 1002 1901 sales
1025 1842 1091 1901 triti

70 1931 102 1989 in
132 1929 254 1989 linteolo
282 1928 365 2006 ligati
393 1930 425 1987 in
453 1935 536 1988 aceto
560 1927 766 2009 infunduntur,
790 1935 820 1988 et
842 1946 879 1988 ex
901 1927 959 1989 boc
981 1928 1090 1990 vulnus

32 2031 59 2072 so
73 2018 185 2079 tamdiu
199 2017 408 2096 baptizandum
422 2024 469 2076 est
482 2017 527 2076 vel
546 2016 762 2076 infundendum
777 2016 918 2095 quamdiu
932 2035 969 2077 ex
984 2018 1091 2080 eodem

143 2194 157 2242 1
172 2187 446 2261 per(p)unguendum
456 2188 550 2242 chl.:
566 2190 722 2257 prelpiung.
737 2188 793 2241 rB.
870 2185 933 2256 pice
954 2185 1091 2244 solutiore

70 2261 160 2329 rGel.,
174 2260 240 2332 pige
251 2259 391 2315 solutione
401 2259 429 2312 Β
434 2257 507 2327 (pice
517 2257 667 2326 liquidab).
723 2263 738 2310 2
755 2257 834 2311 eliud
848 2258 949 2313 eliel:
964 2275 1016 2314 om.
1033 2260 1089 2316 Bb.

70 2332 193 2385 resinam
199 2334 259 2387 rB:
269 2331 447 2399 resinamque
458 2330 525 2397 ou,
544 2331 573 2382 ei
590 2328 713 2383 resinam
722 2330 746 2383 b.
801 2334 817 2381 3
832 2328 978 2383 combures
993 2331 1091 2387 boet:

72 2403 145 2455 -ris
164 2403 222 2456 rB.
302 2400 445 2456 colletioo:
465 2399 610 2454 collectico
629 2419 652 2469 r,
672 2398 790 2453 collecto
810 2400 866 2468 bB,
886 2398 1011 2455 oollitioo
1033 2402 1091 2457 eet.

72 2473 102 2526 et
120 2471 169 2540 qui
187 2474 312 2528 redet:
333 2472 382 2541 qui
401 2474 424 2526 b.
487 2471 647 2540 frequenter
664 2473 700 2525 rb
712 2471 786 2526 Get:
806 2488 856 2526 om.
876 2471 911 2525 Β.
984 2471 1092 2527 fluxum

72 2544 122 2597 rb:
142 2540 232 2595 fluxus
250 2543 347 2598 Beer.
404 2541 515 2597 cfoliis
534 2541 609 2596 tritis
624 2542 695 2597 ders
714 2541 785 2594 folia
802 2541 871 2596 trita
885 2540 964 2597 rbB.
1020 2542 1091 2598 bal·

72 2611 159 2666 tiores
177 2628 326 2682 percussus
344 2616 380 2668 rb
393 2615 464 2669 oet:
483 2631 533 2668 om.
553 2614 588 2668 Β.
702 2618 718 2666 5
737 2611 1009 2682 cataplasmabimus
1027 2615 1091 2670 bB:

74 2683 199 2738 -vimus
218 2685 303 2740 chl.
363 2690 379 2737 6
399 2703 424 2753 q.
440 2701 463 2739 c.
478 2684 668 2754 perourabunt
686 2684 714 2739 b:
733 2702 759 2752 q.
779 2700 802 2738 c.
821 2686 1008 2754 perdurarunt
1022 2685 1092 2753 eu,

73 2773 123 2809 om.
142 2755 197 2808 rB.
271 2753 350 2808 eliud
368 2756 396 2808 Β
408 2756 479 2811 oei:
498 2755 568 2809 item
585 2774 608 2824 r,
628 2773 678 2810 om.
698 2757 721 2809 b.
809 2760 824 2808 7
844 2753 941 2809 dulcia
958 2771 1009 2811 om.
1029 2754 1055 2811 b.

73 2825 239 2896 diligentins
257 2828 293 2880 rb
305 2826 378 2881 Get:
400 2827 477 2880 —ter
495 2827 530 2880 Β.
582 2832 614 2880 11
632 2825 695 2896 quis
713 2824 800 2879 fuerit
817 2827 902 2882 rbB:
921 2825 1010 2881 fuerit
1027 2826 1092 2895 quis

74 2897 133 2953 oet.
207 2903 240 2950 12
260 2913 334 2965 equa
352 2899 388 2951 rb
400 2898 471 2953 Get:
492 2898 542 2950 ant
560 2898 595 2953 Β.
674 2895 795 2966 oxymeli
814 2898 901 2969 (obt.):
921 2895 1050 2952 oximelli
1067 2917 1091 2967 r,

73 2966 220 3022 oxmellite
238 2970 297 3037 (cic)
316 2969 355 3037 B,
385 2967 523 3022 oximeliti
547 2969 619 3037 Get,
647 2967 751 3022 oximel
773 2969 797 3022 b.
930 2974 964 3023 13
988 2968 1090 3024 exhinc

72 3040 120 3095 rB
132 3039 204 3095 Get:
224 3056 258 3094 ex
275 3039 329 3093 hoc
347 3042 370 3093 b.
466 3038 520 3093 erit
538 3040 565 3093 Β
576 3040 649 3095 Get:
669 3041 712 3093 est
729 3041 774 3093 rb.
847 3038 938 3108 primo
956 3039 1006 3094 rB
1017 3040 1089 3096 Get:

92 3109 150 3163 rius
170 3111 193 3165 b.
250 3116 283 3164 16
301 3109 420 3165 leorima
435 3111 507 3166 Gela
526 3116 609 3164 -mr'i
628 3112 651 3179 b,
671 3125 752 3163 -mo
766 3111 821 3165 rB.
876 3110 946 3164 ficus
959 3111 1091 3168 Bchl.:

72 3128 120 3236 lei
137 3200 175 3241 r„
233 3181 258 3235 si
276 3198 385 3251 unguas
404 3184 540 3251 (unguens
559 3183 605 3251 rb)
624 3181 706 3236 er:
726 3180 849 3235 inunctis
869 3182 937 3237 eet..
1024 3182 1053 3238 h.
1072 3182 1090 3236 i.

72 3253 201 3322 praestat
213 3270 229 3306 r
239 3253 296 3308 Get.
308 3251 417 3322 (stetim
430 3252 559 3306 medetur
568 3255 609 3322 b):
624 3252 651 3308 h.
667 3252 685 3307 i.
700 3253 829 3322 praestas
842 3252 879 3307 B.
935 3257 969 3306 18
983 3253 1054 3308 ficus
1063 3271 1090 3309 r:

73 3341 123 3380 om.
142 3324 191 3377 Bb
205 3324 262 3379 eet.
322 3340 375 3393 per
392 3325 490 3380 etich:
509 3323 654 3393 proprium
671 3324 700 3378 Β
718 3325 777 3394 (ubi
794 3324 883 3392 simpl.
902 3322 957 3378 hoc
970 3324 1043 3379 facit
1056 3324 1089 3394 b).

73 3394 153 3450 eliud
173 3396 244 3451 Get:
263 3394 332 3449 item
350 3413 373 3463 r,
392 3411 443 3450 orn.
461 3395 498 3450 B.
571 3399 604 3447 19
623 3394 832 3449 confunduntur
851 3394 909 3449 Get.
970 3397 1091 3467 (εὴ-(20)

72 3465 277 3521 infundendum
295 3483 345 3522 om.
366 3467 389 3522 b.
445 3470 479 3520 20
497 3464 701 3535 baptizandum
719 3467 816 3521 ellel:
836 3463 1038 3535 aptidiandum
1055 3466 1090 3521 Β.

62 3552 102 3590 ex
119 3538 220 3593 eodem
240 3540 289 3611 (ex
307 3554 340 3594 eo
360 3539 387 3610 b)
405 3536 521 3593 vulnere
539 3537 576 3592 rb
588 3536 659 3592 Get:
678 3553 729 3593 om.
748 3537 784 3592 Β.
