2288 3878
452 192 720 244 ADDITAMENTA.
1026 188 1091 252 335

79 352 162 420 Iovis,
182 351 207 405 si
225 351 289 420 quis
304 348 443 405 calculum
457 349 574 418 patitur,
594 352 642 402 eat
655 348 685 402 in
698 348 833 402 balneum
847 351 876 402 et
891 365 975 416 supra
990 348 1092 402 solium

80 433 242 500 descendat,
262 434 291 486 et
309 448 394 484 sanus
414 430 474 484 erit.
501 429 555 483 hoc
577 431 621 482 ter
645 431 757 498 oportet
779 427 852 496 fieri,
876 427 1007 496 quotiens
1031 428 1091 481 dies

78 511 154 566 Iovis
172 510 265 565 fuerit.
287 510 364 564 etin
382 508 548 563 mulieribus
566 508 620 562 hoc
640 511 792 577 expertum.
820 508 944 562 verbena
966 507 1044 574 trita,
1064 509 1092 560 et

79 611 143 648 cum
161 592 226 645 vino
246 591 335 645 bibat.
363 607 431 643 nam
448 588 530 642 radix
549 588 609 642 eius
628 591 713 642 tunsa
732 605 795 641 cum
814 588 905 641 mulsa
923 586 1004 656 potui
1024 587 1091 639 data

79 671 286 727 incredibiliter
298 671 423 740 prodest,
447 672 475 724 et
495 668 605 722 urinam
624 668 722 722 statim
736 667 839 722 educit.
864 665 1009 720 artemisia
1028 682 1092 718 cum
1119 678 1131 719 5

78 755 173 806 murta
191 751 268 819 trita,
289 768 353 804 cum
371 749 463 803 mulsa
482 751 579 817 cyatos
594 750 647 802 ΠΠ
665 747 776 803 ieiunus
791 748 915 801 calidum
929 746 1018 800 bibat.
1038 745 1091 798 hoc

79 831 221 886 calculum
237 829 345 899 frangit
364 833 393 884 et
410 829 522 882 urinam
534 832 679 897 provocat,
698 828 822 884 vesicam
837 828 873 882 ab
893 827 968 881 omni
987 825 1092 878 iniuria

78 914 191 982 purgat,
211 913 240 965 et
253 909 418 963 mulieribus
432 909 516 962 nimis
531 911 630 977 aptum
645 911 695 964 est.
712 908 859 980 [Cubiculo
875 907 969 961 calido
984 909 1013 960 et
1027 921 1091 958 aere

79 993 237 1060 temperato
256 989 349 1044 iacere
369 988 506 1044 debebit.
523 1032 527 1042 .
544 1032 550 1044 .
566 989 614 1044 Pr.

79 1134 127 1188 Aa
140 1133 187 1199 II,
206 1137 242 1186 34
261 1131 320 1200 (De
344 1129 543 1184 arthriticis
563 1133 607 1200 (=
622 1130 674 1182 ΙΙ9
696 1147 718 1184 c.
733 1133 771 1183 22
794 1130 1018 1197 coctbp.130:)
1046 1127 1091 1181 De
1106 1137 1132 1175 10

79 1210 387 1280 condylomatibus
410 1209 641 1264 articulorum
665 1225 723 1263 seu
747 1207 862 1262 nervis
882 1207 1091 1262 dolentibus.

152 1307 252 1361 Nervis
271 1305 359 1375 igitur
377 1308 505 1374 potestas
524 1305 629 1374 frigida
649 1306 717 1359 data
736 1307 787 1373 est,
807 1307 836 1358 et
854 1304 919 1358 ideo
933 1303 1027 1358 nervis
1042 1304 1092 1357 ad-

80 1387 185 1441 iutoria
208 1385 314 1453 frigida
337 1384 515 1452 prohibenda
541 1387 613 1440 sunt.
646 1402 720 1438 nunc
744 1386 840 1439 antem
863 1385 900 1439 ad
924 1384 1093 1452 condyloma

80 1465 205 1519 remedia
229 1463 374 1517 ordinabo.
403 1480 523 1532 acopum
545 1463 629 1519 valde
653 1470 767 1521 certum.
791 1465 932 1520 medullae
961 1466 1036 1519 cervi
1064 1468 1093 1519 et

81 1545 141 1598 eius
170 1542 275 1611 adipis,
304 1541 414 1596 resinae
437 1542 540 1612 frixae,
567 1543 647 1614 picis,
677 1563 757 1600 cerae
781 1563 837 1600 ana
854 1549 890 1604 ’-;-
903 1547 944 1600 ΠΙ
961 1546 991 1599 in
1011 1561 1092 1600 aereo
1107 1550 1133 1591 15

80 1641 147 1678 vase
166 1622 244 1676 lento
262 1620 323 1691 igni
342 1621 481 1690 decoques
501 1622 604 1690 diuque
624 1624 757 1694 agitabis,
777 1626 806 1679 et
819 1624 986 1694 refrigerato
1005 1627 1091 1678 utere.

80 1721 147 1757 nam
165 1706 195 1757 et
213 1701 366 1771 serpyllum
385 1720 448 1756 cum
466 1702 532 1757 vino
552 1705 664 1757 austero
683 1706 793 1758 coctum
811 1704 963 1773 probatum
982 1705 1031 1758 est.

153 1784 177 1837 si
195 1782 395 1851 condylomata
413 1782 444 1835 in
462 1781 589 1836 cruribus
608 1782 727 1852 fuerint,
750 1783 905 1837 medullam
928 1783 1006 1836 canis
1031 1800 1094 1835 cum

81 1863 147 1917 vino
166 1866 234 1932 tere,
253 1862 359 1916 bonum
378 1865 428 1916 est.
458 1861 621 1931 argemonia
635 1862 705 1917 trita
719 1880 783 1916 cum
801 1862 934 1931 adipibus
954 1861 1091 1915 anserinis

80 1943 171 1996 mixta
188 1942 311 2012 prodest.
339 1941 457 1996 herbam
476 1942 649 1996 urceolarem
662 1942 693 1995 in
707 1942 765 1996 olla
783 1959 857 1996 nova
876 1958 978 2009 coques
998 1945 1027 1994 et
1041 1941 1092 1994 im·
1106 1950 1132 1988 20

80 2021 184 2089 primes
203 2024 236 2075 ut
255 2022 443 2076 demadescat.
467 2024 532 2089 post
547 2025 627 2077 aceto
642 2021 719 2091 trita,
739 2022 844 2076 bonum
863 2023 913 2076 est.
937 2020 1093 2074 brassicam

82 2103 111 2154 et
129 2101 253 2155 radicem
272 2118 335 2154 cum
354 2100 490 2170 stirpibus
509 2102 567 2156 suis
586 2104 726 2171 combure,
746 2104 775 2157 et
793 2103 863 2156 cinis
879 2105 973 2157 ceroto
987 2101 1091 2156 mixtus

80 2196 181 2233 nervos
200 2179 352 2234 fortissime
367 2180 533 2235 consolidat.
561 2181 638 2238 item.
659 2186 765 2237 stercus
780 2183 857 2252 capri
871 2183 955 2237 melle
973 2182 1093 2237 mixtum

81 2275 181 2312 nervos
201 2262 346 2327 expurgat.

155 2338 178 2391 si
207 2338 362 2392 contractio
395 2356 544 2395 nervorum
573 2340 699 2395 dolorem
731 2341 910 2408 excitaverit,
939 2340 1090 2396 lumbricos
1105 2346 1131 2386 25

80 2421 227 2472 terrestres
246 2417 329 2472 melle
348 2419 484 2474 contritos
503 2419 624 2490 impone,
644 2421 771 2476 tremulis
791 2420 861 2476 utile
880 2423 931 2476 est.

152 2498 288 2568 praecisis
306 2499 399 2554 nervis
418 2502 544 2554 terrenos
563 2517 672 2555 vermes
686 2502 847 2556 combustos
861 2519 925 2556 cum
943 2499 1027 2555 melle
1041 2500 1092 2554 im-

79 2595 161 2648 pone,
177 2580 282 2633 bonum
292 2581 343 2633 est.
363 2580 487 2649 axungia
496 2583 577 2634 vetus
588 2583 617 2634 et
627 2581 782 2636 senecionis
789 2581 936 2655 (solia>et
946 2580 1092 2635 cacumina

79 2657 149 2711 buxi
168 2661 265 2713 tenera
285 2663 314 2714 et
331 2662 413 2714 rutae
432 2677 538 2730 cymae,
556 2660 663 2730 pariter
681 2661 803 2716 contrita
823 2664 852 2717 et
864 2661 999 2731 imposita
1012 2677 1093 2730 prae-

80 2737 146 2791 cisis
166 2738 259 2793 nervis
279 2741 308 2793 et
326 2739 435 2793 vexatis
456 2740 561 2808 optime
581 2741 758 2796 subveniunt.
1106 2746 1132 2784 3⁰

154 2954 167 3000 1
188 2953 261 3018 (itera
281 2953 306 3020 7)
325 2949 474 3004 cauculum
493 2952 516 3005 b.
633 2958 648 3004 2
668 2951 782 3020 quocies
801 2954 824 3007 b.
933 2957 950 3003 4
968 2914 1050 3005 bibai
1069 2954 1092 3006 b.

78 3023 177 3073 tunsae
197 3024 220 3076 b.
336 3029 352 3075 6
371 3019 450 3074 Arth'
471 3037 535 3074 cum
552 3020 637 3076 mirta
655 3023 725 3077 trita
744 3039 808 3076 cum
825 3021 917 3075 mulsa
936 3021 1025 3075 clatos
1040 3021 1093 3075 ΠΠ

78 3090 174 3145 ieiuno
194 3095 240 3145 cat
259 3092 286 3144 b.
306 3093 330 3146 b.
422 3096 456 3144 10
475 3090 719 3147 condolomatibus
740 3094 791 3161 (sic
808 3097 922 3162 semper)
943 3095 966 3147 b.
990 3095 1024 3160 cf.
1046 3094 1091 3148 Pe.

77 3162 157 3216 Plr'a.
173 3163 237 3230 III,
261 3165 297 3216 15
318 3164 395 3230 Bora,
415 3164 446 3217 cte
469 3180 497 3217 re
517 3162 582 3218 Cels.
598 3167 628 3231 5,
651 3168 703 3232 28,
721 3168 740 3218 2
755 3181 784 3232 p.
799 3167 869 3231 206,
883 3167 921 3217 27
939 3164 1012 3218 Dar.

78 3237 112 3285 13
127 3232 172 3285 Na
183 3236 192 3302 (
194 3251 246 3302 pro
256 3233 310 3303 Ns)
321 3235 343 3288 b.
401 3238 435 3286 14
445 3232 556 3306 corvine
567 3237 596 3288 et
606 3234 666 3288 eius
677 3234 774 3303 adipes
786 3236 809 3288 b.
861 3240 894 3287 17
909 3233 1054 3304 serpillum
1069 3235 1091 3288 b.

79 3308 112 3355 19
132 3304 287 3358 acrimonia
306 3307 329 3360 b.
385 3310 420 3358 20
439 3304 576 3359 orciolare
595 3308 618 3361 b.
680 3304 817 3375 imprimis
837 3307 859 3360 b.
916 3311 949 3358 22
974 3305 1049 3360 cenis
1069 3307 1092 3360 b.

77 3377 228 3479 23ca1ib.
302 3416 335 3464 26
356 3410 437 3465 dolor
455 3413 503 3491 b.¹
552 3417 586 3464 26
605 3408 710 3465 terreni
729 3429 754 3466 v.
775 3410 915 3465 combusti
935 3413 958 3466 b.
1014 3416 1048 3464 28
1067 3428 1092 3464 v.

76 3483 112 3608 ii
112 3481 270 3608 1-lselpnicioni
290 3484 320 3536 et
339 3484 354 3537 b
375 3484 436 3550 (ubi
453 3480 524 3536 foha
542 3483 605 3538 add.
625 3499 659 3539 ea
677 3481 772 3538 Dicae.
787 3500 817 3552 p.
833 3486 908 3550 591).
975 3487 1009 3534 30
1028 3481 1092 3534 sub-
