2288 3878
77 185 143 248 324
408 185 753 237 PSEUDO-THEODORI

77 360 142 396 mox
168 344 204 396 ab
233 359 266 396 eo
294 343 392 396 morbo
419 341 595 396 liberabitur.
624 340 676 395 alii
698 341 793 410 capita
811 340 864 394 XX
887 344 1008 395 contusa
1033 359 1096 396 cum

78 426 159 476 aceto
179 425 208 476 et
226 422 256 474 in
279 439 373 492 panno
397 423 513 475 inducta
531 421 679 490 imponito.
707 420 778 474 lotio
797 420 857 474 eius
882 420 933 488 qui
959 421 1040 476 dolet
1058 423 1096 475 ci-

77 520 173 557 nerem
196 502 350 556 cribratnm
374 517 540 570 consperges
565 503 594 554 et
616 500 647 553 in
668 517 763 569 panno
787 499 912 554 calidum
935 500 1030 570 spleni
1054 501 1096 554 in-

80 583 196 636 ductum
215 581 327 651 saepius
350 580 496 650 imponito.
526 578 603 633 ebuli
621 579 748 634 radicem
770 580 911 633 contunde
936 583 967 634 et
984 579 1016 632 in
1034 580 1096 650 pul-

52 678 173 718 sverem
191 661 323 715 redactae
343 661 482 715 coclearia
495 660 534 713 111
553 675 588 713 ex
605 658 666 713 vini
685 658 776 728 cyatis
790 659 829 712 III
848 658 880 712 in
897 658 998 714 limine
1019 664 1096 714 stans

78 759 129 810 per
142 741 268 794 triduum
282 741 373 806 bibat,
387 744 416 794 et
430 739 545 795 ebulum
559 738 619 793 sine
633 738 707 794 ferro
718 739 867 793 collectum
882 755 977 792 secum
991 744 1095 808 portet.

79 819 197 873 herbam
215 819 345 872 sabinam
364 835 398 872 ex
416 835 491 886 aqua
509 818 547 872 ad
565 819 665 872 tertias
690 819 828 886 decoquas
852 821 882 872 ot
901 835 936 873 ex
955 836 1032 888 aqua
1051 838 1097 874 ca-

79 898 139 952 lida
158 898 276 952 calicem
293 898 420 967 plenum,
440 897 538 952 addito
557 897 704 968 quippiam
722 898 828 968 piperis
847 898 872 951 si
890 898 981 953 hiems
1001 899 1096 968 fuerit,

78 995 129 1047 per
155 978 215 1032 dies
234 979 272 1030 XI
291 977 336 1032 vel
355 977 433 1030 XVII
450 977 531 1046 potui
555 978 645 1033 dabis.
674 978 761 1033 bacas
789 977 864 1031 lauri
886 978 964 1046 XXI,
989 978 1097 1049 piperis

41 1077 66 1115 ro
80 1076 170 1125 grana
188 1058 249 1111 LXI
272 1057 302 1110 in
321 1057 395 1111 aceti
416 1057 545 1110 acerrimi
564 1057 678 1112 hemina
700 1058 802 1126 mixta,
827 1061 909 1112 etex
932 1075 965 1113 eo
990 1060 1097 1113 cotidie

81 1137 193 1207 singula
217 1136 356 1191 coclearia
380 1137 474 1190 ieiuno
501 1136 583 1206 potui
606 1138 681 1193 dato.
710 1137 811 1192 lasaris
837 1137 942 1191 radicis
969 1139 1097 1208 pulveris

80 1217 205 1272 cocleare
216 1219 236 1287 I,
256 1218 331 1272 aceti
345 1217 484 1272 coclearia
498 1217 531 1284 V,
545 1216 638 1271 mellis
653 1217 779 1272 cocleare
794 1217 814 1285 I,
830 1217 925 1271 omnia
943 1218 1098 1272 commixta

80 1296 161 1365 potui
176 1297 251 1351 dato,
277 1296 407 1351 stercoris
422 1296 531 1365 caprini
548 1296 694 1366 pulverem
707 1297 738 1349 in
751 1297 818 1350 vino
832 1297 958 1365 misceto,
979 1315 1016 1352 ex
1029 1314 1097 1352 vase

80 1375 176 1445 picato
199 1376 281 1444 potui
308 1377 383 1431 dato.
412 1376 465 1429 hoc
488 1378 517 1429 εὴ
544 1376 582 1428 ad
608 1392 707 1430 renum
732 1375 857 1430 dolorem
883 1376 1009 1445 prodest.
1034 1395 1098 1431 cum

44 1472 69 1511 15
83 1472 175 1522 cuppa
195 1456 229 1508 de
247 1455 353 1509 hedera
372 1455 499 1523 quisquis
517 1455 668 1524 potaverit,
689 1456 725 1509 ab
745 1455 820 1509 omni
840 1455 946 1525 splenis
963 1457 1098 1511 molestia

81 1550 193 1588 securus
213 1534 379 1590 servabitur.
403 1534 499 1603 pulmo
513 1533 544 1586 in
558 1533 634 1588 fumo
651 1538 655 1604 Ι
674 1539 711 1605 (p.
722 1538 784 1603 114)
805 1535 927 1589 siccatus
947 1539 976 1591 et
990 1537 1022 1589 in
1035 1537 1097 1606 pul·

82 1630 177 1667 rerem
194 1611 392 1667 mollissimum
410 1614 549 1681 redactus,
569 1615 598 1667 et
617 1630 698 1668 exeo
717 1613 827 1668 modice
845 1614 876 1667 in
893 1632 983 1684 pusca
1001 1616 1097 1671 ieiuno

80 1691 161 1763 potui
181 1691 262 1746 dabis
283 1691 328 1746 die
348 1693 421 1747 Iovis
440 1692 508 1746 luna
531 1692 683 1748 minuente.
712 1697 741 1748 et
763 1696 797 1747 ut
817 1694 942 1763 potionis
966 1695 1098 1750 effectum

82 1772 205 1840 mireris,
233 1773 356 1842 porcello
382 1775 416 1828 de
439 1774 538 1828 eodem
560 1772 591 1825 in
608 1773 725 1842 potione
749 1774 816 1827 dato
839 1773 950 1842 bibere,
981 1778 1097 1844 etpost

41 1872 68 1911 ao
84 1853 194 1908 occides
216 1870 288 1921 eum,
312 1852 437 1922 splenem
460 1856 510 1906 aut
528 1851 637 1905 nullum
660 1855 711 1907 aut
734 1853 803 1906 satis
822 1870 941 1922 parvum
960 1853 1096 1910 invenies.

83 1933 178 1988 salicis
197 1932 297 1987 viridis
311 1931 382 1985 folia
396 1949 459 1984 curn
473 1931 583 1986 modico
599 1931 658 1986 sale
673 1932 825 2001 diligenter
838 1932 916 2001 trita,
934 1932 966 1986 in
982 1936 1097 1988 modum

82 2013 229 2084 emplastri
253 2028 336 2081 super
360 2011 484 2080 splenem
506 2011 671 2080 impositum
692 2014 815 2082 prodest.
845 2013 870 2066 si
892 2016 989 2067 autem
1013 2014 1096 2069 citius

83 2097 112 2148 et
135 2093 246 2163 plenius
271 2108 367 2145 curare
392 2089 526 2158 volueris,
556 2090 674 2145 cortices
700 2091 799 2146 viridis
823 2092 917 2145 salicis
945 2093 1097 2163 diligenter

83 2177 182 2227 tunsae
201 2173 232 2226 in
250 2171 334 2225 melle
355 2171 501 2238 decoques‚
521 2173 549 2223 et
568 2186 603 2223 ex
621 2187 654 2225 eo
674 2172 729 2226 duo
749 2171 887 2226 coclearia
901 2172 997 2226 ieiuno
1016 2191 1096 2243 prae-

42 2271 68 2310 sa
82 2254 171 2308 bebis.
201 2271 287 2308 cornu
310 2251 416 2306 cervini
444 2249 583 2305 combusti
607 2250 729 2305 cinerem
753 2269 788 2306 ex
810 2255 890 2306 aceto
913 2253 996 2320 potui
1020 2254 1095 2308 dato.

82 2332 208 2401 lapidem
235 2334 359 2400 gagaten
387 2330 522 2385 accendes
546 2333 575 2384 et
599 2331 629 2383 in
660 2334 772 2385 acetum
799 2331 908 2399 mittes,
937 2334 967 2385 et
992 2333 1096 2390 exinde

82 2410 214 2465 calefacti
234 2410 356 2464 dabisV
375 2409 487 2479 singula
513 2410 659 2478 coclearia,
688 2411 779 2479 bibat,
803 2414 832 2465 et
855 2411 949 2480 ipsum
971 2411 1097 2482 lapidem

81 2489 112 2542 in
142 2488 237 2557 splene
270 2507 321 2558 per
356 2490 482 2543 triduum
517 2489 667 2559 alligatum
704 2492 818 2545 habeat.
857 2491 1035 2545 diatessaron
1067 2493 1097 2545 in

81 2568 196 2622 modum
219 2569 368 2622 abellanae
391 2569 471 2638 potui
498 2587 561 2623 cum
580 2569 701 2638 oxymeli
726 2571 801 2624 dato.
829 2573 954 2639 gagaten
977 2571 1008 2624 in
1030 2573 1096 2626 vino

41 2669 68 2708 so
83 2649 221 2715 decoquas
241 2648 278 2701 ad
296 2647 410 2715 tertias,
429 2653 458 2703 et
476 2649 566 2704 bibat.
586 2649 689 2718 leporis
707 2649 785 2703 iecur
804 2649 920 2703 crudum
938 2649 1052 2718 glutiat,
1073 2651 1097 2704 si

82 2728 126 2782 vir
145 2727 179 2781 de
197 2726 338 2795 masculo,
359 2728 383 2781 si
402 2729 507 2783 femina
527 2730 561 2782 de
579 2728 693 2784 femina.
722 2728 865 2797 accipitris
883 2729 961 2783 iecur
979 2731 1097 2784 crudum

82 2806 196 2877 glutiat.
211 2806 331 2860 vulturis
341 2806 418 2861 iecur
428 2808 545 2862 crudum
555 2825 618 2861 cum
628 2808 764 2878 sanguine
775 2809 849 2863 edat.
868 2809 1098 2878 potentissimum

83 2890 127 2941 est
144 2887 249 2941 herbae
268 2887 407 2941 verbenae
426 2888 477 2942 flos
496 2888 556 2941 sine
574 2886 648 2942 ferro
668 2887 818 2956 collectus,
837 2887 925 2941 libras
944 2889 1029 2942 aas
1050 2890 1097 2943 de-

156 3053 244 3110 labo
265 3059 288 3111 b.
386 3059 504 3111 contirsa
523 3059 546 3111 b.
643 3056 795 3110 ‘ainduotir
814 3059 837 3111 b.
927 3056 999 3110 lotib
1019 3059 1042 3112 b.
1063 3061 1097 3125 cf.

85 3127 176 3180 Marc.
192 3145 221 3194 p.
237 3131 360 3194 237,32.
434 3130 464 3181 et
482 3128 603 3181 cinerem
622 3130 645 3182 b.
719 3127 916 3195 3conspergis
931 3130 954 3182 b.
1014 3129 1097 3182 lhe-

84 3196 146 3250 buli
160 3199 182 3250 b.
203 3199 237 3264 cf.
257 3199 346 3253 Marc.
363 3216 393 3267 p.
407 3202 472 3265 237,
486 3204 522 3253 15
537 3201 613 3265 (235,
627 3201 684 3263 32).
810 3205 825 3252 ὁ
844 3198 960 3252 redacta
979 3201 1003 3253 b.

86 3273 119 3320 10
137 3267 235 3321 mixtu.
256 3271 285 3321 et
304 3285 338 3322 ex
357 3285 390 3322 eo
409 3271 424 3322 b
445 3271 495 3337 (sic
512 3273 611 3338 coepe).
685 3274 716 3321 11
736 3269 881 3337 pulverem
900 3272 923 3323 b.
979 3275 1012 3322 13
1031 3270 1097 3323 mis-

85 3339 150 3393 cito.
171 3341 200 3392 εὴ
218 3356 244 3392 v.
265 3341 288 3392 b.
350 3345 383 3394 19
403 3340 437 3393 de
457 3341 556 3394 eadem
574 3338 605 3391 in
621 3337 737 3406 potione
751 3342 813 3404 (stc)
829 3342 852 3394 b.
868 3341 900 3394 de
917 3343 1097 3410 coperimento

85 3413 120 3478 cf.
140 3428 225 3479 capra
245 3411 321 3478 (bis).
384 3415 418 3463 23
437 3409 490 3465 vol’
512 3413 536 3464 b.
595 3407 707 3463 corticis
726 3411 749 3463 b.
806 3415 839 3463 25
859 3409 938 3464 cinis.
958 3427 992 3464 ex
1007 3455 1012 3466 .
1029 3455 1034 3466 .
1053 3414 1097 3466 .b.

82 3489 119 3537 26
129 3481 261 3537 accendis
273 3483 296 3535 b.
352 3479 403 3534 oal’
420 3481 497 3534 factu
508 3483 531 3536 b.
580 3477 673 3534 arbit
686 3482 708 3534 b.
760 3485 793 3533 28
812 3479 923 3549 insplen
938 3484 1098 3551 b(atsuper

72 3555 273 3630 splen22etc.).
313 3552 390 3610 Dias.
409 3553 413 3624 l
430 3553 453 3609 b.
490 3550 689 3608 aborimelleb.
728 3549 846 3607 cobibe.
879 3551 1095 3622 3laucipitrisb.
