2288 3878
94 124 160 189 386
284 124 562 179 aarrnorsmnu
578 123 685 177 nsua
703 122 915 183 amonnuu

43 288 105 353 117
184 290 278 351 ltcm.
302 292 402 350 tritam
425 306 493 350 cum
515 290 584 349 rino
603 288 639 350 da
659 289 769 350 ieiuno.
791 287 887 373 bibat,
908 310 1004 355 mnus
1025 293 1063 354 oc

43 377 107 444 118
183 380 231 440 lu
264 397 355 458 epar.
388 378 495 460 linum,
526 380 725 458 eupatorium,
761 384 894 460 costum,
932 384 1104 463 gentianam,

4 466 314 531 -461331313133111313
337 466 463 547 longam,
485 465 704 527 aristolochiam
725 467 895 549 tonandam,
920 468 1014 533 bacas
1034 471 1105 532 lauri

95 558 219 618 mundas
242 559 306 616 sinc
331 558 450 635 cortice,
472 558 565 634 piper.
588 555 661 615 baec
678 556 778 615 omnia
795 558 901 635 aequis
925 559 1105 637 ponderibus

95 646 204 725 tundis,
223 647 330 723 cernis,
349 644 488 704 servabis.
512 662 581 705 cum
597 661 720 704 necesse
739 643 840 725 luerit,
857 644 948 707 dabis
966 650 999 709 in
1014 648 1106 710 tribus
1126 670 1135 710 o

95 738 187 814 epatis
205 736 279 794 meri
298 735 359 792 vini
376 735 485 793 veteris
504 732 637 792 calefacti
654 730 786 792 cocleare
804 731 940 812 plenum.
966 739 994 797 si
1012 745 1108 799 autem

95 823 252 903 febricitet,
275 824 306 881 in
329 839 404 899 aqua
428 820 521 881 calida
543 823 634 881 trium
657 827 809 899 eyatorum
831 840 986 886 mensura

44 910 107 973 119
182 911 229 972 Ad
244 928 335 989 epar.
355 918 479 991 costum,
493 911 686 990 eupatorium,
705 909 840 988 lupinum
856 912 989 975 crudum
1007 918 1108 996 aequis

95 999 276 1079 ponderibus
299 1006 429 1078 tunsum,
452 1005 579 1078 cretum,
602 1000 801 1058 commixtum.
825 1017 863 1059 ex
885 1000 946 1062 boc
970 1003 1059 1065 dabis
1080 1008 1109 1066 in

94 1089 191 1150 tribus
210 1090 301 1167 epatis
320 1086 465 1148 meliorati
484 1086 572 1146 calidi
590 1085 721 1147 cocleare
739 1086 872 1169 plenum,
893 1108 953 1168 per
966 1084 1138 1156 triduumo

95 1180 139 1238 sic
162 1179 242 1256 potio
266 1175 361 1237 danda
384 1183 430 1236 est
452 1178 560 1236 ieiuno.

44 1262 108 1326 120
183 1265 278 1325 ltem.
302 1273 401 1342 guttae
425 1263 722 1346 ammoniaci÷llll,
744 1265 905 1346 costi÷l,
929 1271 1110 1346 petroselini

4 1350 280 1416 -5'1l-macedonici
292 1353 358 1433 ÷1,
377 1351 498 1413 feniculi
507 1368 542 1414 -:-
551 1351 584 1412 ll.
608 1353 662 1413 bae
682 1355 796 1432 species
812 1354 993 1439 tunduntur,
1013 1360 1110 1422 mellis

94 1449 192 1501 autem
216 1443 297 1501 attici
324 1440 430 1502 libral
454 1443 589 1501 semotim
612 1441 729 1524 bulliat,
755 1449 786 1503 et
813 1444 856 1502 sic
884 1443 1021 1526 desuper
1050 1469 1109 1510 me-

94 1536 224 1589 moratae
239 1531 354 1607 species
368 1530 538 1591 funduntur.
558 1548 594 1589 ex
607 1530 664 1591 boc
678 1533 777 1591 ieiuno
792 1529 900 1593 dantur
914 1534 1069 1599 coclearia
1078 1538 1139 1600 llo

94 1619 273 1679 intermissis
297 1620 405 1678 iterum
433 1618 547 1680 duobus
570 1618 675 1680 diebus
698 1621 963 1700 accipiamusque
993 1635 1108 1705 quater.

43 1705 105 1768 121
183 1706 279 1767 ltem.
303 1709 415 1786 piperis
442 1727 531 1786 grana
554 1705 647 1788 XXX,
674 1708 761 1769 bacas
783 1707 860 1769 lauri
882 1712 1017 1774 mundas
1047 1719 1108 1777 sine

94 1798 204 1857 cortice
220 1794 336 1875 [31333]
352 1795 385 1856 X.
405 1797 492 1857 simul
510 1800 542 1866 in
560 1799 700 1857 mortario
719 1799 800 1877 teris,
824 1805 854 1858 et
876 1796 962 1859 dabis
986 1803 1022 1863 in
1042 1808 1108 1866 vino

93 1888 188 1946 veteri
211 1893 309 1965 cyatos
332 1893 402 1965 tres,
425 1894 455 1945 et
477 1888 508 1946 in
532 1903 566 1946 eo
591 1885 681 1946 latere
705 1885 864 1946 recumbat.
891 1886 951 1948 boc
973 1908 1034 1969 per
1058 1898 1108 1956 tri-

94 1975 193 2036 duum.
217 1977 243 2034 si
266 1974 485 2056 febricitaverit,
509 1977 540 2034 in
563 1993 638 2053 aqua
661 1973 753 2035 calida
777 1973 868 2035 dabis.
1119 2005 1139 2045 u

42 2060 104 2123 122
181 2063 275 2124 ltem.
299 2066 440 2124 corticem
463 2063 612 2123 radicinae
636 2062 783 2123 abellanae
805 2065 837 2123 in
858 2065 925 2123 vino
950 2071 1057 2152 terito,
1081 2081 1110 2133 31

93 2153 185 2213 dabis.

42 2237 105 2301 123
181 2241 277 2300 ltem.
300 2240 396 2319 vulpis
420 2238 553 2318 splenem
577 2241 682 2321 siccas,
706 2248 735 2301 et
758 2240 842 2301 dabis
866 2243 972 2302 tritum
1002 2248 1108 2311 ieiuno

93 2332 124 2389 in
153 2329 279 2389 condito.
307 2336 357 2388 aut
384 2336 464 2388 certe
493 2335 620 2409 costum,
650 2330 768 2390 laeuum
795 2348 946 2410 graemm,
976 2352 1108 2420 oryzam,

92 2420 178 2496 piper
201 2417 302 2494 aequis
325 2413 505 2494 ponderibus
528 2416 628 2476 tundis
652 2426 681 2478 et
704 2420 736 2478 in
759 2418 876 2478 condito
900 2418 994 2483 dabis.

42 2501 106 2566 124
180 2503 228 2563 ld
253 2502 475 2581 spleniticos.
507 2504 581 2564 ficus
609 2512 639 2564 31
665 2506 772 2584 pilulas
796 2510 987 2586 cupressinas
1016 2515 1107 2578 deco-

93 2611 150 2672 que
175 2609 241 2651 cum
264 2597 357 2670 aceto,
380 2598 410 2650 et
432 2591 504 2650 lacis
528 2592 713 2675 cataplasma,
735 2602 765 2654 et
788 2598 925 2675 imponis.

42 2679 105 2744 125
181 2680 276 2739 ltem.
299 2678 372 2758 polii
395 2697 477 2757 cyma
501 2698 575 2758 qnae
598 2684 682 2759 prius
709 2686 853 2766 nascitur,
875 2688 992 2748 teritur.
1018 2701 1051 2752 31
1076 2697 1107 2755 13

92 2773 160 2831 vino
184 2767 275 2829 dabis.

42 2858 104 2922 126
180 2858 275 2920 Item.
299 2856 430 2918 radicina
453 2856 532 2918 ebuli
556 2860 633 2919 slcca
660 2868 710 2921 aut
737 2869 817 2921 certe
844 2862 977 2925 radicina
1002 2869 1106 2933 salicis
1125 2904 1140 2928 o

94 2951 231 3028 coquitur
253 2950 285 3008 in
303 2966 386 3026 aqua.
410 2954 440 3007 et
462 2945 545 3007 dabis
569 2950 667 3008 ieiuno
690 2951 791 3009 vinum
814 2957 906 3011 vetus,

41 3036 103 3100 127
181 3037 319 3116 Stipitem
340 3038 499 3097 novissime
518 3045 674 3116 purgatum
698 3038 773 3099 bene
798 3038 953 3100 combures
977 3049 1008 3103 et
1034 3048 1091 3124 'pul

92 3143 192 3185 verem
215 3125 314 3206 facies,
338 3133 367 3187 31
390 3125 481 3186 dabis.

164 3277 390 3346 2eupartorium
403 3281 465 3347 (sio)
485 3278 520 3332 B.
577 3283 609 3333 13
628 3277 751 3332 fenuculi
769 3279 804 3334 B.
879 3285 911 3335 15
929 3281 1104 3345 funduntur:

93 3348 251 3403 tunduntur
268 3348 304 3402 B.
413 3354 446 3402 17
464 3349 596 3404 mundas:
614 3349 712 3403 mundi
725 3350 760 3405 B.
848 3355 879 3405 18
898 3369 989 3422 muna
1007 3357 1103 3415 delevi.

93 3428 125 3476 21
147 3417 290 3472 radieinae
303 3421 365 3484 (sic)
379 3419 407 3473 B
425 3422 530 3488 (rasum
547 3422 607 3490 ed).
722 3426 756 3474 23
774 3420 872 3476 tritam
889 3423 918 3476 Β
937 3428 1018 3492 (corr.
1037 3430 1101 3491 ed).

91 3499 126 3548 26
146 3488 312 3562 spleneticos
331 3489 367 3544 B.
423 3493 457 3543 28
474 3489 608 3558 polioima
621 3493 683 3563 (sle)
695 3491 732 3548 B.
787 3497 820 3547 32
840 3491 972 3562 stipitem
984 3499 1050 3568 (sic)
1062 3500 1100 3559 B.

365 3784 441 3800 ἑ
