2288 3878
63 117 115 170 XX

66 281 118 364 33,
140 276 295 366 47-48)
319 282 463 364 indicant,
490 283 654 344 Vindiciani
677 283 753 343 liber
771 284 807 343 lV
831 279 890 368 (rel
913 284 982 345 libri
1002 281 1076 369 lvi)

65 379 133 451 post
156 370 264 432 librum
288 372 323 431 de
346 374 494 451 positione
518 381 548 432 61
578 375 636 432 6116
659 371 860 433 membrorum
878 373 891 432 l
910 368 1010 454 (611166
1036 375 1077 437 la·

66 479 148 520 ceras
181 461 320 540 reliquias
352 462 453 522 multis
480 463 512 522 in
545 461 696 521 codicibus
728 456 885 544 hahemus)
913 462 1069 525 Galenill

65 549 223 609 Alexandri
240 549 280 610 lIl
303 552 334 609 in
356 568 416 610 uno
440 550 540 611 codice
565 552 699 628 scriptos,
724 569 798 628 quae
822 553 926 611 notitia
950 551 1078 614 dubium

65 645 110 698 cst
134 657 191 717 quo
214 641 368 717 pertineat.

152 726 297 787 Prisciani
315 736 433 805 praeter
455 727 561 806 triplex
581 726 761 806 Euporiston
779 727 825 788 rel
843 738 1078 807 praesentaneae
1119 758 1123 803 1

64 816 227 877 medicinae
252 834 325 894 opus
349 815 472 894 singulis
496 815 603 875 libellis
627 817 751 897 editum,
774 836 853 877 nunc
877 836 968 878 unum
992 827 1079 880 tene·
1120 830 1123 837 '

64 924 131 965 mus
158 905 350 983 Plrysicorum
377 904 465 965 breve
498 905 695 982 fragmentum
720 900 818 989 (quod
847 905 935 966 hahet
962 926 990 985 p.
1016 902 1079 970 82d

65 993 131 1072 Arg.
155 1012 229 1073 quae
254 993 417 1053 Alexandro
445 1000 521 1054 teste
550 996 729 1054 conveniunt
752 1013 819 1054 cum
843 995 991 1055 Theodori
1014 996 1080 1057 Μο-

64 1075 234 1165 661116616*)
254 1082 381 1161 capitulo
400 1083 436 1142 de
456 1083 628 1162 epilempsia
652 1083 687 1142 61.
707 1082 808 1142 Soran.
833 1082 1079 1162 ed.Lips.1882

65 1191 92 1250 p.
118 1166 218 1253 XVll).
255 1173 352 1250 itaque
387 1174 412 1231 si
443 1190 519 1251 „sex
552 1165 668 1231 libr0s“
699 1175 939 1232 commemorarit
971 1172 1081 1236 Simon

64 1260 218 1320 larinensis
241 1262 273 1319 in
296 1261 476 1338 praelatione
500 1259 637 1320 omnibus
660 1268 738 1340 nota,
762 1279 818 1339 qua
843 1270 977 1321 auctores
1003 1282 1081 1341 quo·

64 1366 132 1408 rum
145 1351 176 1408 in
195 1347 290 1407 lexico
306 1347 458 1409 condendo
474 1347 620 1408 volumina
639 1348 796 1408 revolverit
814 1352 910 1410 varios
930 1362 1081 1435 recenset,

65 1455 152 1497 usum
180 1454 247 1496 eum
276 1437 367 1496 luisse
399 1443 480 1516 patet
506 1437 607 1497 codice
636 1437 734 1517 aliquo
767 1456 819 1497 sex
846 1438 938 1498 libros
971 1458 1081 1501 nume-

65 1532 164 1604 rante,
197 1543 233 1584 ex
267 1524 373 1603 quibus
406 1533 524 1603 praeter
557 1525 671 1604 singula
705 1526 831 1605 triplicis
864 1529 963 1606 operis
998 1532 1081 1608 quod

64 1613 207 1674 habemus
231 1616 295 1673 sine
319 1613 387 1673 libri
409 1613 495 1675 titulo
519 1614 646 1694 capitula
661 1608 754 1697 (velut
773 1635 796 1676 s.
815 1618 948 1694 agripnia
961 1616 1082 1696 „Theo-

65 1703 155 1763 dorus
178 1698 348 1763 Priscianus
372 1723 433 1782 cap.
458 1703 493 1764 de
518 1698 707 1788 caleu10“**)
731 1712 761 1764 et
784 1723 842 1764 uno
866 1704 985 1784 quidem
1011 1706 1081 1769 loco

63 1792 119 1873 „de
139 1788 278 1872 gynccia“
291 1787 329 1876 (s
345 1800 472 1853 strumas
488 1827 529 1835 —
545 1794 580 1853 61.
604 1812 625 1853 s.
646 1800 743 1853 acreta
767 1800 796 1852 et
816 1812 838 1853 s.
857 1792 1083 1881 metromania),

65 1883 236 1960 saepissime
261 1884 368 1943 citatur
389 1882 517 1963 „Theod
539 1881 709 1941 Priscianus
732 1883 763 1940 in
786 1880 862 1941 libro
886 1882 922 1941 de
947 1885 1083 1963 simplici

64 1967 237 2051 medicina“,
256 1971 350 2032 ethis
374 1974 463 2030 etiam
481 1972 532 2050 „in
551 1968 726 2028 antidotario
746 1969 894 2030 Theodori
911 1970 1084 2035 Prisciani“

65 2052 115 2143 (61.
133 2059 224 2120 Ernst
241 2059 349 2139 Meyer,
368 2057 472 2118 Gesch.
492 2058 551 2116 der
559 2056 684 2116 botanilr
702 2057 737 2137 11,
751 2053 839 2140 291).
864 2066 950 2137 atque
970 2079 1082 2125 eorum

65 2167 139 2227 quae
163 2149 199 2208 de
228 2148 355 2227 simplici
381 2146 527 2207 medicina
556 2145 657 2219 Simon
680 2146 777 2207 attulit
798 2147 977 2207 verbotenus
1001 2169 1081 2214 non-

63 2237 144 2297 nulla
168 2235 292 2296 ollendis
320 2239 352 2295 in
379 2233 455 2294 libro
474 2234 513 2293 lll
536 2233 572 2294 de
599 2235 759 2295 virtutibus
786 2239 1006 2314 pigmentorum
1032 2244 1083 2304 rel

63 2323 223 2386 herbarum
247 2326 472 2384 aromaticarum
496 2323 606 2384 codicis
630 2323 658 2383 S.
682 2324 756 2384 Galli
771 2322 834 2386 762
850 2318 901 2407 (de
926 2344 983 2403 quo
1004 2329 1082 2393 olim

64 2415 182 2474 narravi
204 2412 311 2472 Anecd.
326 2412 365 2492 11,
386 2405 478 2495 121),
501 2415 540 2472 ita
563 2420 596 2473 ut
619 2412 777 2473 verisimile
802 2415 840 2473 sit
863 2413 941 2474 huno
965 2415 1082 2482 librum

65 2502 163 2562 latinis
175 2501 294 2580 quidem
308 2500 466 2561 herbarum
481 2501 650 2561 nominibus
665 2503 772 2562 additis
788 2521 823 2562 ex
839 2502 948 2562 Galeno
964 2503 1081 2569 iactum

1099 452 1104 465 1

64 2584 116 2674 (de
136 2589 232 2669 simpl.
251 2590 327 2650 med.
342 2589 360 2650 l.
374 2583 425 2673 Vl)
444 2598 580 2669 excerpta
605 2593 755 2651 continere
775 2610 811 2650 ex
831 2609 866 2651 eo
889 2590 965 2651 libro
986 2612 1082 2671 quem

65 2679 120 2739 sub
148 2679 296 2738 Theodori
323 2678 467 2739 Prisciani
491 2672 573 2761 (nam
606 2681 648 2738 sic
682 2698 799 2758 semper
826 2679 937 2758 duplici
965 2681 1081 2769 utitur)

64 2770 182 2828 nomine
207 2769 268 2827 sive
287 2777 367 2828 recto
387 2770 448 2828 sive
463 2767 535 2828 falso
551 2768 653 2828 Simon
667 2770 699 2828 in
725 2768 825 2828 codiee
846 2787 899 2828 suo
918 2771 1080 2836 invenerit..

64 2857 234 2917 antidotarii
263 2864 361 2917 autem
389 2857 467 2936 quod
495 2866 562 2917 cuni
589 2856 740 2917 Prisciano
767 2857 840 2917 vidit
868 2856 970 2917 eadem
999 2866 1079 2923 ratio

153 3063 178 3132 *l
196 3062 359 3117 Theodorus
384 3062 438 3116 iste
457 3062 603 3117 Moschion
621 3080 705 3131 quem
728 3063 799 3117 61161
817 3063 977 3117 Alexander
996 3064 1080 3122 Trai.

64 3132 166 3202 1161166,
187 3133 311 3188 diversus
332 3132 446 3201 quidem
465 3150 482 3187 a
500 3133 646 3189 Theodoro
665 3134 809 3189 Prisciano
828 3133 906 3202 (licet
924 3138 1078 3195 conveniat

64 3204 95 3258 in
112 3203 292 3274 physicorum
305 3204 478 3274 traditione),
498 3204 573 3259 idem
588 3208 683 3260 autem
697 3208 740 3261 661
754 3223 818 3259 66111
835 3205 982 3260 Theodoro
997 3207 1078 3263 Aelii

68 3276 113 3345 (de
131 3293 191 3418 (¹¹23)
205 3276 568 3429 bigbAltIllpillalleodicem
587 3347 636 3416 qui
651 3349 775 3402 servaret
790 3345 947 3428 capitulum
964 3347 998 3401 de
1017 3350 1075 3403 cal-

65 3418 136 3488 culo,
152 3418 224 3473 sieut
238 3417 465 3486 Barbennianus‚
485 3434 548 3471 cum
561 3436 616 3486 quo
630 3436 686 3473 uno
701 3435 736 3473 ex
749 3435 809 3488 cap.
826 3419 860 3471 de
875 3417 963 3471 oculis
978 3435 1076 3474 veram

62 3488 214 3546 lectionem
231 3489 349 3560 praebet
368 3487 523 3559 „serniosos
543 3490 655 3545 oculos“
674 3492 705 3561 (s.
725 3508 750 3545 v.
771 3487 920 3558 6611116616).

69 3780 357 3808 Α-
