2288 3878
100 144 143 211 66
410 147 600 200 THEODORI
616 148 796 201 pulsemur

98 315 268 376 vulneratis.
314 334 330 373 a
359 314 482 374 lavacris
510 332 594 395 vero,
625 332 642 374 a
670 314 729 373 soci
756 313 802 373 rel
835 312 907 374 solis
940 314 1041 377 calore
1070 319 1120 378 rel

99 408 177 465 aeris
200 406 324 484 frigore,
352 403 494 483 clamore,
521 402 695 483 vinolentia,
721 420 779 462 usu
801 405 931 485 venerio,
959 407 1119 467 iracundia

98 494 311 573 custodiantur,
339 492 447 552 necubi
471 491 548 569 quod
576 494 636 551 iam
659 498 710 551 aut
732 490 889 551 collectum
912 500 964 553 aut
987 493 1116 572 glutina-

97 591 160 643 tum
184 590 229 643 est
253 601 295 662 os,
319 581 365 640 bis
389 580 594 640 occasionibus
617 579 791 640 resolvatur.

43 664 88 729 64
185 671 258 731 baec
273 673 362 730 etiam
376 669 555 747 requirenda
572 670 810 747 praetermittere
824 687 885 730 non
898 669 1000 750 debui,
1018 674 1114 732 amice

69 771 82 810 t
97 763 260 840 carissime,
278 778 332 838 per
351 776 437 817 omne
457 776 565 836 corpus
584 756 755 817 recentibus
769 757 943 818 vulneribus
961 759 1115 838 frequenti

97 849 307 928 approbatione
331 846 456 927 laudata,
480 865 554 924 quae
578 853 608 905 te
631 845 772 906 adbibere
796 846 915 907 suadeo.
961 847 1013 907 alii
1033 867 1113 909 com·

95 938 175 998 busti
198 936 350 1016 pulverem
374 935 489 995 vulneri
513 952 644 1013 asperge.
691 937 734 994 sie
758 937 847 995 etiam
871 934 987 996 scillam
1010 940 1113 997 tritam

95 1029 249 1105 imponito.
300 1032 329 1084 et
357 1024 411 1083 sub
440 1026 575 1102 utrisque
608 1023 764 1083 adiutoriis
792 1031 931 1103 quattuor
959 1028 1111 1086 continuis

54 1126 81 1166 10
94 1115 200 1176 diebus
221 1116 341 1193 penitus
360 1112 465 1172 vulnus
484 1120 601 1172 maneat
620 1114 651 1171 in
671 1113 780 1192 quiete,
803 1131 861 1190 quo
881 1115 1024 1173 continuo
1043 1134 1111 1193 per-

95 1207 193 1264 curari
216 1206 318 1282 possit.
365 1220 432 1261 nam
456 1208 486 1260 et
509 1219 609 1260 murra
632 1208 663 1260 et
685 1200 819 1260 lanarum
838 1201 1012 1261 sucidarum
1031 1222 1109 1263 com-

93 1292 248 1352 bustarum
271 1294 347 1352 cinis
366 1290 481 1350 vulneri
500 1308 640 1368 aspersus
660 1289 797 1350 similiter
816 1289 998 1368 operabitur.
1039 1295 1110 1352 item

94 1380 181 1439 aliud.
223 1380 292 1439 mali
320 1381 434 1456 granmi
462 1379 530 1438 lolia
555 1396 623 1437 cum
651 1378 737 1438 melle
765 1381 891 1438 contrita
918 1381 1014 1439 mixto
1041 1383 1109 1441 vino

93 1469 251 1547 imponito,
283 1467 412 1545 desuper
439 1467 592 1527 linteolum
621 1467 752 1527 inlusum
780 1469 880 1527 resina
906 1467 1110 1530 terebinthina

52 1567 79 1607 1⁵
93 1555 292 1635 superaddito,
311 1554 341 1614 id
356 1555 431 1615 lanis
446 1557 597 1634 operiatur
610 1557 679 1615 vino
694 1563 724 1615 et
738 1554 802 1615 oleo
817 1555 978 1634 diligenter
992 1558 1107 1618 infusis

182 1643 270 1704 aliud.
317 1643 400 1703 labae
429 1647 560 1722 syriacae
587 1644 719 1704 radicem
747 1646 854 1711 siccam
883 1645 1052 1706 contundes
1080 1655 1109 1707 et

92 1732 262 1794 cribellabis
286 1739 316 1792 et
338 1732 403 1792 loco
427 1735 492 1793 eius
515 1732 667 1811 pidverem
691 1751 839 1811 asperges.
885 1732 974 1794 aliud.
1018 1735 1108 1795 oliva·

163 1892 177 1939 1
197 1884 354 1940 vulneratis
374 1886 446 1941 Get:
466 1885 525 1938 -ti
543 1886 571 1939 B
589 1885 686 1955 (uulua
705 1888 739 1954 b).
853 1902 920 1940 vero
939 1902 957 1940 a
975 1887 1024 1941 rB
1035 1888 1108 1944 Get:

89 1957 135 2012 vel
154 1960 177 2013 b.
232 1966 248 2012 2
268 1956 340 2011 aeris
354 1957 436 2012 er:
456 1956 493 2009 ab
512 1956 584 2010 aeris
601 1957 659 2012 Ger.
713 1955 870 2011 vinolentia
883 1959 899 2013 b
913 1964 939 2012 et
952 1956 1051 2029 (-tie)
1064 1960 1106 2015 B:

89 2029 231 2084 riolentia¹
247 2030 304 2085 θεῖ.
422 2027 535 2081 venerio
554 2029 615 2081 Bb:
636 2027 709 2081 -ris
728 2028 809 2082 rGel.
918 2027 1051 2083 iracundi
1069 2031 1106 2085 B.

90 2106 106 2154 8
124 2100 225 2156 necubi
244 2101 337 2155 rdet:
356 2115 391 2151 ne
411 2098 460 2152 ubi
480 2101 502 2165 b,
522 2115 557 2153 ne
575 2099 610 2152 B.
720 2100 770 2152 aut
789 2101 862 2166 (ante
881 2098 955 2169 coll.)
973 2101 1035 2155 rB:
1055 2118 1106 2156 om.

91 2172 148 2227 Ger.
169 2171 332 2241 (quodiam
351 2172 401 2223 aut
419 2187 469 2224 om.
489 2171 523 2237 b).
606 2171 685 2224 test
703 2172 742 2223 os.
761 2169 933 2241 his...(ee'c)
951 2188 979 2226 r:
999 2172 1106 2226 esthis

87 2243 190 2311 Beer,
209 2242 302 2297 fuerit.
322 2240 366 2293 bis
382 2243 405 2295 b.
479 2245 494 2292 5
509 2239 677 2309 requirenda
695 2240 819 2309 (-entia
832 2243 857 2310 r)
874 2244 911 2296 rt
924 2240 996 2296 Get:
1011 2259 1056 2297 om
1069 2244 1105 2298 B.

88 2314 174 2369 debui
194 2315 252 2370 Get.
272 2312 379 2382 (deberi
397 2330 420 2379 r,
440 2310 519 2364 dubii
537 2313 588 2380 B):
608 2311 741 2366 debemus
760 2313 784 2366 b.
861 2311 951 2366 amice
968 2313 1036 2368 lxm
1054 2316 1105 2369 rb:

88 2385 178 2438 amice
197 2386 293 2440 RGel.
386 2382 537 2435 ilaudata
554 2383 679 2437 rBGel.:
698 2382 843 2436 laudanda
862 2385 885 2437 b.
972 2401 1047 2453 quae

88 2456 194 2508 suadeo
212 2457 329 2510 rodet:
349 2471 398 2509 om.
419 2455 454 2507 B.
510 2452 561 2507 alii
580 2455 615 2522 B,
635 2452 697 2507 albi
715 2472 742 2508 r:
761 2454 940 2523 panistGel.
1017 2455 1105 2509 tim-

87 2523 367 2662 rtraetrar
384 2523 696 2650 eret.
716 2526 924 2651 aritae
943 2525 1105 2666 <birca

88 2668 178 2735 (corr.)
192 2666 263 2720 Get:
282 2665 561 2734 inquietatumrbB.
631 2683 686 2734 quo
700 2668 747 2721 rB
758 2668 829 2722 Get:
849 2669 915 2722 etb.
970 2667 1104 2723 meinis:

88 2754 126 2818 ex.
141 2735 302 2861 eiqqutriti
320 2739 384 2792 odd.
404 2741 428 2792 b.
501 2736 665 2807 operabitur
682 2740 741 2792 rB:
762 2739 894 2862 operatrlrp
914 2738 972 2794 Ger.
1006 2739 1104 2822 ¹item

86 2808 150 2934 aa
169 2809 723 2961 increbresceret.
765 2815 797 2862 ¹³
815 2810 1104 2938 amator

85 2950 225 3004 tritabB.
280 2952 483 3018 mmto(m1xta
495 2953 520 3020 r)
539 2951 953 3007 vrnoRGel.:vinomixtob.
1000 2958 1102 3007 ‘ltre-

86 3021 149 3076 sina
167 3020 190 3074 dr
207 3020 399 3075 terebinthina
418 3023 446 3075 B
460 3024 498 3090 (t),
516 3021 608 3095 resine
626 3021 786 3077 terbentine
799 3041 821 3077 r.
914 3028 947 3076 15
967 3024 1102 3093 superad-

86 3093 146 3146 dito
164 3093 211 3146 rB
223 3092 294 3148 Get:
313 3109 397 3162 super
414 3091 512 3162 ponito
532 3095 555 3147 b.
641 3093 684 3149 id:
702 3095 735 3147 ut
755 3095 821 3161 aer,
840 3093 916 3147 idem
934 3111 956 3162 r,
976 3093 1047 3148 item
1066 3097 1101 3162 B,

85 3181 136 3220 om.
157 3167 180 3218 b.
254 3163 405 3234 diligenter
422 3165 492 3217 er
510 3166 569 3233 (abi
587 3163 688 3218 infusis
708 3163 860 3235 diligenter
873 3167 911 3234 r):
932 3165 1026 3219 -tius
1041 3166 1099 3221 Get.

86 3242 118 3289 16
139 3233 217 3288 aliud
235 3235 317 3290 rGel.
337 3233 417 3303 (item
435 3234 514 3288 aliud
532 3237 568 3290 ot.
582 3254 617 3290 m.
637 3237 687 3305 Bt:
706 3254 756 3291 om.
777 3239 801 3290 b.
911 3237 1055 3291 contunde
1072 3239 1101 3290 et

85 3305 203 3360 cribella
222 3307 251 3359 et
268 3305 329 3359 loco
349 3304 410 3359 eius
428 3304 573 3375 pulverem
593 3323 710 3378 asperge
731 3308 797 3373 caet,
816 3306 913 3360 tundis
932 3309 1099 3376 (abaddir)

84 3377 216 3432 cribellas
244 3379 273 3431 et
299 3376 363 3430 loca
390 3379 512 3445 l—cosr)
539 3376 600 3430 eius
628 3378 744 3447 pulvere
768 3379 832 3446 (—e
851 3381 876 3447 r)
900 3378 1029 3449 aspergis
1051 3378 1098 3433 rB

84 3450 196 3517 (tundes
214 3448 379 3518 vulnerique
398 3463 515 3517 asperge
534 3449 568 3515 b).
662 3455 695 3504 17
715 3448 794 3502 aliud
810 3448 877 3518 Get,
896 3448 966 3503 item
984 3468 1001 3505 r
1018 3449 1098 3519 (item

76 3519 160 3574 aliud
178 3522 214 3576 al.
234 3539 268 3577 m.
287 3521 341 3592 B):
361 3536 412 3574 om.
432 3524 456 3573 t.
