2310 3864
69 158 135 223 452
470 156 676 211 VINDIHANI

70 335 133 370 rum
152 315 212 370 dies
231 316 391 386 exquod(q;)
418 315 507 386 ginta.
545 314 594 383 qui
629 313 739 369 feriunt
764 314 857 385 figure
870 315 995 370 hominis
1010 333 1091 372 acee-

73 390 139 442 sunt
158 403 268 442 menses
287 387 347 441 VH.
367 385 392 440 ei
420 403 528 442 menses
550 401 653 442 novem
678 384 738 439 dies
764 385 847 455 perit.
863 403 950 442 mene.
963 387 1092 443 cintrant

72 476 127 527 que
141 459 259 528 <autem
273 456 392 511 diesXL
420 459 517 513 decem
526 455 738 526 nesciturpuer.
766 459 815 512 tex
824 458 1093 529 nascaturhoesep·

72 528 392 601 add.eorr.>uterome·
419 532 453 583 ut
462 545 529 598 ergo
541 526 662 581 diximus
678 543 740 597 sep·
766 527 824 583 cies
857 527 986 598 duplices
1018 529 1094 586 flunt

72 604 153 654 terno
166 600 288 670 figurem
303 598 393 653 homi-
420 599 490 654 timo
496 597 740 654 etdeeimomense
768 599 837 654 dies.
853 598 1026 656 edem
1042 601 1094 670 qui

73 672 118 726 nis
147 669 288 740 acceperit
319 686 393 724 nono
419 670 501 741 pueri
538 668 601 723 neti
636 668 740 724 vitales
767 669 878 724 faciunt
888 669 1095 728 mensisViIII.

73 759 169 796 mense
197 741 323 795 intrante
347 741 394 795 de·
421 758 482 796 esse
500 744 627 811 possuit.
768 743 798 796 et
817 741 877 796 dies
895 741 929 795 X.
957 741 1004 796 Ita
1023 759 1095 812 ergo

74 813 147 867 cimo
175 811 309 866 nascitur.
340 811 394 865 hoe
768 815 801 867 ut
816 811 883 866 dixi.
894 811 945 880 qui
957 811 1024 867 nati
1033 813 1097 869 fue-

75 883 179 953 septies
190 881 311 952 duplieit
324 882 395 936 fiunt
768 883 826 938 rint
834 881 933 938 vitalis
944 886 1098 954 erunt.qui

75 953 395 1022 dies.CGLXXX²(Lsre·
768 971 825 1009 non
840 960 843 965 '
856 952 1011 1024 implerent
1044 974 1099 1011 nu-

70 1044 127 1096 pre
145 1027 233 1093 corr),
258 1022 307 1092 qui
330 1026 396 1076 sunt
768 1040 862 1079 merus
881 1041 966 1094 super
986 1026 1099 1098 scripte

76 1111 185 1150 menses
195 1095 269 1149 VIII.
285 1096 314 1148 et
326 1093 394 1148 dies.
767 1094 914 1165 legitimus
925 1099 1029 1166 pertus
1039 1115 1101 1154 non

74 1166 108 1220 X.
128 1166 171 1220 ite
189 1182 256 1234 ergo
275 1167 308 1218 ut
324 1164 395 1218 dixi-
769 1169 820 1222 est.

75 1254 137 1290 mus
151 1237 277 1305 ‚septimo
300 1238 397 1290 autem

75 1323 171 1360 mense
190 1306 239 1373 qui
257 1305 319 1361 nati
337 1305 396 1360 fue·

75 1376 134 1430 rint
156 1376 319 1431 vitalesunt.
347 1376 396 1445 qui

77 1450 172 1501 autem
190 1463 248 1499 nen
261 1446 396 1515 impleve·

77 1518 136 1571 rint
157 1533 273 1570 numero
300 1535 397 1586 supre-

78 1589 155 1642 dieto
169 1587 314 1656 legitimus
332 1605 396 1657 par·

78 1662 124 1713 tus
141 1675 199 1713 non
218 1660 268 1712 est.

112 2329 396 2400 (20)menifestumin·
461 2330 515 2397 (ἳο)
525 2327 666 2382 intendite
677 2344 743 2399 erge
798 2331 1104 2400 (21)Menifestumest

77 2400 185 2454 fantem
199 2400 230 2453 in
244 2404 324 2454 utero
338 2417 397 2453 ma·
424 2402 457 2454 ut
467 2399 541 2453 scies
551 2400 690 2467 quomodo
701 2401 743 2453 in-
771 2400 911 2456 infantem
928 2402 960 2456 in
985 2409 1103 2461 uterum

77 2470 208 2524 ternosic
223 2470 396 2539 temporibus
424 2470 517 2525 fantes
537 2469 567 2522 in
590 2473 669 2524 utero
688 2471 744 2524 for·
771 2472 907 2541 temporis
944 2473 1101 2533 sumatur.

77 2540 206 2594 formare.
218 2542 248 2593 et
257 2542 397 2608 quomodo
424 2541 497 2594 mari
510 2543 636 2610 possunt.
653 2541 744 2611 primo
772 2544 912 2611 quomodo
927 2544 1053 2603 intendi.
1072 2551 1103 2604 et

76 2611 193 2664 intendo
204 2611 294 2678 primo
302 2627 397 2665 mense
425 2611 541 2680 quidem
563 2628 658 2666 mense
687 2612 744 2666 iee-
771 2613 849 2685 prius
868 2613 962 2670 lactis.
985 2617 1100 2673 siminie

77 2682 202 2736 iactetur
210 2680 324 2734 seminis
333 2698 397 2736 nos·
425 2684 487 2735 tum
514 2682 628 2737 seminis
654 2681 744 2737 virilis
772 2684 1029 2742 nostriinuterum
1039 2707 1101 2744 ma-

197 2769 275 2838 ne)
541 2771 633 2841 ure)
875 2774 995 2844 mre)

148 2968 186 3020 Ire
208 2983 229 3021 c.
248 2969 283 3020 19
298 2965 350 3033 (B)
374 2965 477 3020 eitdtwr
500 2965 587 3035 Hipp.
607 2966 639 3021 er
662 2967 678 3021 l.
699 2965 806 3021 XLIX
821 2968 839 3021 r'.
859 2984 880 3021 e.
904 2969 971 3035 περὶ
996 2970 1102 3038 φύσιος

77 3038 194 3089 παιδίου
216 3036 325 3105 OppI,
344 3038 400 3090 392
417 3035 495 3104 Lips.
520 3038 555 3104 ef.
575 3039 676 3107 3e5rq.
696 3037 729 3092 de
746 3038 874 3108 yeer'tera
892 3055 976 3107 edem
1000 3049 1102 3098 auctor

77 3107 150 3160 eidr't
167 3123 215 3160 serr
233 3108 348 3174 dierum,
367 3106 404 3161 ad
418 3122 495 3175 quere
513 3107 601 3162 dooere
618 3114 781 3162 eoremeretrre
800 3109 832 3163 de
844 3109 955 3163 mettere
976 3109 1103 3168 Gaeerrsi

77 3192 161 3244 supra
181 3177 269 3231 atlete
292 3178 438 3232 tradidisse
461 3177 569 3233 videtur
591 3179 647 3233 sire
664 3179 722 3247 r'psse
739 3185 830 3234 eoster
852 3181 907 3234 sive
925 3183 1017 3235 rostri
1034 3185 1102 3250 forre

79 3246 145 3300 libri
163 3246 359 3315 Hippocratiee'
376 3251 507 3317 interpres
525 3250 560 3315 ef.
582 3247 679 3304 Galen.
695 3249 829 3316 XVHA,
843 3253 905 3304 446.
925 3255 1010 3306 1006.

152 3315 217 3385 Cep.
236 3321 275 3372 20
293 3319 332 3372 eir
349 3319 441 3374 reddit
457 3319 515 3374 eod.
535 3319 561 3375 S.
579 3318 652 3375 Gan.
668 3322 721 3374 751
736 3337 766 3388 p.
783 3323 838 3376 357
857 3321 956 3387 (medie
975 3325 1009 3376 ie
1028 3324 1103 3382 zero

79 3387 111 3440 de
126 3394 198 3442 secte
211 3389 315 3455 medie,
333 3390 366 3444 de
384 3405 437 3458 qeo
452 3393 559 3459 serere).
659 3390 719 3444 Iem
732 3406 797 3444 eum
814 3390 916 3444 mulier
933 3397 1104 3464 conceperit

72 3457 220 3528 germinus
239 3457 332 3513 minus
355 3462 400 3513 est
421 3459 454 3513 in
475 3459 580 3514 albicio
598 3477 631 3514 eo
645 3477 692 3515 ore
711 3464 822 3515 etcum
844 3461 1019 3518 minstrueta
1038 3465 1104 3522 lota

66 3533 113 3587 eet
134 3534 164 3589 et
182 3550 245 3592 non
259 3529 404 3604 concepit.
422 3530 564 3602 inprime
575 3547 672 3586 meuse
690 3535 806 3599 gemet
823 3531 959 3588 umbilico
978 3534 1036 3591 hoc
1058 3542 1104 3594 est
