2288 3878
312 714 561 784 lntldotarlnm
588 716 687 784 Brun.
715 713 918 787 secundum.

56 855 99 919 64
198 858 243 916 ΑΛ
264 857 395 934 rapitis
415 855 572 915 dolorem
592 865 625 915 ut
648 858 678 915 in
700 854 762 915 sole
781 857 978 921 condoleat.
1004 863 1115 923 radicem

110 946 200 1023 puleii
228 954 294 1025 post
322 963 422 1004 aniani
451 947 602 1005 sinistram
633 942 786 1005 baiulahis.
820 945 923 1010 Item.
954 952 1116 1030 quandote

110 1035 260 1115 levaveris,
283 1043 440 1113 tacitequam
464 1030 539 1112 (in)
562 1033 669 1094 solium
697 1033 877 1116 descendas,
908 1038 948 1098 de
974 1059 1068 1102 manu
1089 1041 1117 1099 si-

110 1126 202 1183 nislra
226 1125 341 1183 lravnito
361 1141 466 1201 aquam
485 1131 514 1183 et
537 1140 626 1202 supra
644 1120 799 1184 cerebrum
818 1131 867 1185 tel·
887 1129 1018 1191 mittito.
1048 1130 1139 1191 lteml

109 1211 213 1271 aliud.
237 1230 380 1290 papyrum
404 1220 487 1271 lenes
511 1214 542 1271 in
561 1211 696 1272 manibus
719 1213 779 1271 tuis
798 1220 830 1273 et
851 1218 1002 1279 nominas
1022 1228 1119 1300 septem

109 1300 212 1359 viduas
241 1319 313 1379 (liras
345 1303 437 1382 nosti,
469 1308 499 1360 et
527 1301 599 1360 facis
632 1308 745 1380 septem
773 1301 868 1361 nodos
899 1305 934 1365 in
966 1325 1022 1391 eo,
1048 1310 1119 1370 etin

110 1388 206 1448 fronte
226 1389 338 1466 ligabis.
363 1390 457 1450 ltem.
477 1391 545 1449 vitis
560 1388 641 1450 albae
656 1391 797 1450 corticem
818 1391 997 1456 comburito
1019 1406 1051 1460 et
1064 1399 1119 1459 mis

111 1496 181 1537 cens
205 1496 272 1537 cnm
297 1477 395 1537 vitello
419 1481 465 1538 ovi
489 1478 575 1539 linias
599 1481 631 1538 in
647 1480 758 1540 fronte.

199 1577 498 1634 ΠΡΟΕΤὰΝΤὰΕΟΕ.
1129 1601 1143 1642 ll

58 1654 100 1719 65
200 1657 247 1716 ,ld
271 1676 422 1717 morsum
448 1660 677 1737 serpentium.
701 1657 878 1737 gentianam,
904 1662 1122 1727 aristolochiam

111 1747 281 1828 rotundam,
300 1746 376 1807 lauri
394 1746 481 1807 hocas
500 1754 653 1827 purgatas,
671 1763 802 1806 murram
821 1749 929 1824 aequis
943 1754 1122 1830 ponderibus

111 1844 214 1897 tunsas
238 1837 383 1898 admisces
405 1835 487 1896 melli
511 1839 630 1915 optimo.

59 1922 101 1988 66
200 1926 539 1986 delenimentum.
572 1927 654 1985 canis
681 1924 792 1983 mortui
819 1922 945 2002 capillos
972 1929 1014 1991 de
1039 1933 1123 2012 capite

111 2014 191 2074 tollis
215 2015 250 2075 de
275 2014 390 2076 llvvohus
418 2014 518 2092 digitis
546 2021 576 2074 et
598 2013 672 2092 pulli
699 2013 821 2093 mortui,
848 2019 879 2072 et
908 2014 959 2075 die
993 2021 1139 2100 sequentir

112 2106 234 2164 minimo
259 2107 290 2163 in
313 2103 432 2163 linteolo
457 2102 492 2162 de
516 2101 584 2163 licio
609 2105 640 2162 in
664 2101 738 2162 collo
763 2101 931 2180 suspendis,
960 2104 1064 2170 Item.
1087 2127 1123 2169 ra·

113 2193 194 2253 dices
214 2194 305 2252 salsas
324 2193 417 2252 rafani
439 2200 511 2271 tere,
535 2209 609 2269 quae
629 2192 816 2253 adhaeserint
834 2190 904 2250 tolle
925 2200 956 2253 et
976 2203 1046 2259 tere
1066 2215 1125 2260 cum

113 2289 195 2341 aceto
220 2284 289 2360 acri,
312 2288 341 2340 et
364 2279 418 2339 lini
440 2279 664 2339 hemicranium.

61 2368 101 2431 67
201 2367 249 2427 Ad
268 2367 495 2446 gravedinem
514 2370 661 2427 aurium.
685 2366 724 2427 fel
739 2369 903 2449 caprinum,
922 2369 985 2430 mel
1006 2377 1126 2436 atticum

113 2480 255 2552 (parantum
274 2480 304 2533 et
329 2472 367 2533 fel
391 2474 489 2552 fuerit,
511 2491 652 2552 murram,
675 2458 772 2548 oleum
791 2477 950 2557 rosecium,
967 2461 1072 2561 (rad)
1095 2481 1127 2542 de
1140 2502 1144 2520 ²

113 2561 302 2623 chesishoum
316 2562 401 2622 factis
416 2560 512 2643 simul,
527 2565 558 2623 in
573 2560 751 2622 carbonibus
766 2559 912 2645 calefacis,
931 2571 962 2624 et
976 2568 1011 2628 in
1027 2588 1128 2631 aurem

113 2653 214 2713 mittis.

61 2741 103 2806 68
202 2741 250 2802 ld
273 2739 489 2816 vermiculos
513 2742 564 2820 qui
592 2742 623 2800 in
646 2739 768 2801 auribus
791 2742 853 2800 nati
878 2741 1000 2804 fuerint.
1031 2766 1130 2810 amur·

115 2850 179 2892 cam
203 2831 365 2911 calefacies,
389 2839 418 2891 et
441 2832 534 2892 mittis
558 2832 590 2891 in
613 2848 723 2891 aurem.
773 2848 777 2858 ·

62 2918 104 2982 69
203 2920 250 2980 ld
279 2920 460 2982 auriculae
489 2919 656 2981 dolorem.
688 2921 771 3000 porri
803 2937 906 2978 sucum
936 2939 1006 2981 cum
1035 2927 1131 2988 nardo

116 3009 279 3089 calefacies,
302 3019 332 3071 et
354 3013 435 3072 intus
458 3013 560 3072 mittis.

187 3167 202 3215 3
221 3161 363 3218 baiolabis
381 3164 417 3220 B.
493 3170 525 3219 10
542 3166 582 3220 sic
599 3164 682 3219 rodco
700 3165 831 3232 scriptum
845 3162 1044 3231 lenesmontem
1058 3172 1133 3237 quod

115 3250 201 3302 sopra
219 3249 240 3288 c.
256 3237 312 3302 15),
330 3236 376 3290 sed
394 3236 466 3290 citit
484 3238 598 3291 additur
614 3236 702 3293 (tineo
719 3250 775 3288 non
793 3232 917 3303 expleto).
1007 3240 1042 3290 14
1061 3241 1132 3294 emi·

150 3303 246 3358 auium
264 3305 299 3358 B.
357 3311 389 3360 18
409 3305 565 3377 emigrante
583 3306 654 3373 (hie)
672 3305 708 3360 B.
765 3310 799 3358 20
817 3301 928 3357 roseciu
947 3303 982 3358 de
1001 3304 1132 3378 hespono

116 3322 200 3432 hahetis
220 3373 303 3428 simul
316 3378 379 3445 (sic)
394 3377 422 3431 B
434 3379 496 3437 (obt
513 3379 567 3445 eet,
585 3381 617 3431 ot
633 3376 711 3442 solet,
730 3375 798 3429 delet
816 3390 884 3445 quoe
902 3390 959 3429 core
976 3377 1069 3434 intelli
1089 3385 1130 3450 it).

117 3448 240 3519 cfsoass.
258 3446 315 3503 Fet.
332 3465 362 3518 p.
377 3451 444 3516 165,
462 3451 498 3502 15
515 3446 650 3502 radices
670 3446 705 3500 de
724 3444 881 3500 cesisbcnm
896 3444 1011 3513 (bonum
1030 3399 1128 3522 coge).

600 3722 696 3740 *.
