2288 3878
54 193 121 258 220
366 193 555 245 THEODORI
572 192 754 246 ramolam

56 361 136 420 enim
164 378 266 420 sumus
304 358 383 439 quod
410 356 546 437 plerique
579 375 614 418 ea
646 357 762 419 cautius
789 355 826 418 ab
858 359 947 418 initio
975 365 1070 420 custo-

55 448 171 509 dientes
194 448 341 528 podagrae
363 453 506 508 venturae
537 464 592 507 sen
614 448 715 525 potius
738 448 797 507 iam
820 448 990 526 praesentis
1012 449 1072 508 rio-

55 537 177 598 lentiam
209 540 384 598 vitaverunt.
436 535 648 616 praeiudicatis
680 552 752 595 vero
784 537 844 596 iam
875 542 1013 615 tempore
1044 545 1074 597 et

55 627 222 687 manifestis
245 626 414 706 podagricis
437 622 697 704 cataplasmatibus
720 641 840 703 semper
858 626 891 685 in
909 624 957 685 his
976 626 1074 686 causis

30 715 245 795 aappetendis,
272 716 432 792 unguentis
460 730 580 792 quoque
607 712 655 773 vel
683 711 853 791 emplastris
884 731 939 774 sen
967 717 1075 774 ceteris

57 805 214 864 adiutoriis
241 805 393 864 consuetis
420 804 466 862 uti
497 803 609 862 rectius
642 808 701 882 est,
732 800 781 861 vel
812 807 894 862 certe
927 801 1075 881 aliquibus

58 893 159 971 lysicis
182 910 288 970 magna
312 909 430 970 semper
456 897 602 970 potestate
625 888 855 968 praestantibus.
901 908 983 952 nunc
1006 909 1075 951 vero

58 983 215 1042 transactis
233 982 401 1059 praeceptis
419 979 465 1039 rel
484 977 639 1039 beneficiis
663 977 826 1058 catholicis,
848 977 960 1057 quibus
979 986 1075 1040 custo·

59 1070 129 1130 ditis
158 1072 247 1131 etiam
280 1069 426 1130 adiutoria
454 1066 580 1146 singulis
607 1066 743 1145 partibus
770 1065 976 1128 laborantibus
1000 1069 1077 1128 ordi-

18 1174 44 1213 10
59 1158 142 1219 nabo.

11 1245 69 1309 117
149 1246 319 1307 ischiadicis
352 1248 532 1306 conveniunt
563 1245 735 1322 frequentes
765 1245 894 1305 vomitus
922 1252 953 1305 et
980 1252 1077 1306 cetera

60 1342 218 1414 praecepta
243 1337 374 1394 omnium
404 1336 600 1412 superiorum.
646 1349 736 1392 coxae
764 1350 834 1393 vero
858 1331 973 1394 dolenti
1000 1335 1078 1394 fotus

62 1422 120 1482 olei
148 1425 273 1500 sicyonii
301 1423 391 1482 rutati
421 1421 465 1480 vel
493 1422 601 1481 laurini
630 1419 815 1482 adhibendus
844 1429 903 1502 est,
935 1422 1078 1503 cataplas-

61 1518 140 1571 mata
174 1528 291 1588 quoque
323 1516 427 1570 natura
461 1510 610 1570 calidiora.
661 1508 825 1570 cucurbitis
855 1513 989 1571 ventosis
1023 1512 1078 1571 lre-

22 1614 48 1655 15
63 1605 188 1678 quenter
203 1598 286 1657 locus
301 1597 476 1658 relevandus
496 1606 549 1659 est.
569 1596 721 1659 acerbiore
742 1598 868 1678 clystere
887 1600 1079 1661 iniciendum.

61 1688 109 1748 his
132 1685 308 1747 llebotomus
328 1689 359 1747 in
377 1685 436 1747 talo
461 1686 645 1748 adhibendus
665 1694 718 1746 est.
754 1706 790 1747 ex
813 1686 869 1747 hoc
889 1691 1002 1749 etenim
1023 1689 1078 1749 lre-

62 1783 189 1857 quenter
208 1779 329 1855 sanguis
348 1785 524 1856 provocatus
543 1775 721 1836 ischiadicos
739 1775 883 1837 liberavit.
920 1776 1080 1856 vaporibus

63 1865 109 1926 vel
134 1865 268 1927 saccellis
295 1867 510 1927 imminendum
533 1874 579 1926 est
606 1883 642 1924 ex
670 1863 769 1943 puleio
794 1864 905 1925 salibus
928 1864 975 1926 vel
998 1864 1080 1926 milio

136 2079 150 2126 1
176 2073 311 2142 plerique
329 2090 360 2143 p,
384 2074 431 2142 qni
454 2074 557 2127 transit
579 2071 616 2124 ad
643 2087 702 2138 cap.
723 2072 889 2139 precedens
907 2073 937 2140 (a.
953 2073 1018 2141 110)
1041 2074 1080 2126 sie

60 2161 177 2214 pergens
194 2146 347 2213 provocata
361 2142 443 2196 urina
457 2141 487 2194 in
501 2158 576 2210 aqua
589 2141 620 2193 in
633 2156 691 2209 qua
705 2140 866 2209 decoquunt
881 2141 992 2196 radices
1010 2142 1081 2196 feni-

65 2214 192 2269 culornm
211 2223 257 2270 etc.
277 2217 321 2283 (ef.
344 2214 432 2282 Gan).
506 2228 539 2265 ea
557 2213 613 2265 rB:
633 2228 665 2265 ee
688 2213 714 2266 V
726 2211 806 2280 (haec
827 2212 904 2281 Get).
985 2219 1002 2267 3
1018 2221 1081 2283 posi

64 2285 228 2340 vitaverunt
249 2287 315 2340 baec
338 2287 418 2340 addit
438 2285 453 2337 b
473 2284 596 2352 (reliquie
613 2299 697 2352 newa
715 2284 753 2336 ad
770 2301 794 2338 a.
810 2288 844 2336 11
864 2282 995 2338 sciaticis
1015 2301 1079 2338 con·

64 2356 182 2410 veniunt
200 2357 326 2425 ontsstsp
350 2355 430 2408 Licet
447 2353 499 2407 hec
518 2351 661 2407 adiutoria
684 2352 862 2408 fenomeno
885 2354 977 2408 libro
996 2354 1080 2409 huius

64 2427 241 2496 egritudinis.
265 2442 384 2494 quarum
406 2423 530 2478 efficatia
553 2423 661 2492 experti
680 2441 775 2477 sumus
796 2424 887 2479 multa
910 2425 1081 2480 tradidimus

63 2513 138 2549 nunc
157 2496 191 2551 de
210 2496 334 2550 sciaticis
353 2494 485 2550 convenit
502 2494 610 2549 dooere.
639 2513 708 2566 qnae
726 2497 930 2566 interpolatoris
943 2498 1026 2551 cerba
1045 2499 1082 2552 ad

64 2569 286 2635 interpolatorem
308 2568 488 2635 spectaverint
510 2567 542 2620 in
564 2567 618 2633 fine
641 2568 820 2632 faenornenon
843 2568 909 2621 iibri
934 2566 972 2620 ad
994 2567 1081 2637 poda·

64 2653 146 2706 gram
174 2638 203 2690 et
233 2638 372 2690 tumorem
403 2636 507 2706 pedum
539 2638 659 2691 remedia
685 2640 772 2692 rnalta
803 2644 987 2708 congerentem
1011 2640 1080 2708 (eod.

66 2708 189 2762 Beroiin.
205 2725 234 2776 p.
252 2711 377 2777 70-71).
468 2706 670 2776 praeindicatis
692 2707 762 2763 Get:
781 2707 991 2778 preiudieantes
1019 2710 1083 2778 VB,

66 2777 192 2832 -cantis
213 2778 365 2848 (temporis)
383 2796 406 2834 r.
539 2779 745 2848 posttempore
764 2781 880 2833 andoin
903 2780 929 2833 V
951 2781 1084 2848 eonfnenc

65 2851 207 2906 aerbornni
225 2868 243 2904 a
261 2857 346 2905 cetere
364 2857 512 2905 correctore
529 2851 671 2906 rectitntne
689 2856 729 2904 est
746 2852 790 2918 (==
805 2851 850 2918 B).
934 2857 950 2904 5
970 2867 1084 2919 quoque

66 2919 113 2975 vel
129 2919 297 2990 inplaustris
311 2939 361 2977 ona.
377 2922 404 2976 V
416 2923 472 2990 (sed
489 2924 561 2977 inter
580 2923 628 2976 lin.
647 2922 737 2990 sappi.
756 2928 806 2976 oet.
826 2923 914 2989 carrd.
959 2942 963 2949 ⁴
989 2929 1006 2976 8
1021 2921 1083 2990 qui-

65 2992 120 3047 bus
139 2991 300 3046 custoditis:
319 2994 360 3049 sic
378 3010 474 3048 ornnes.
567 2999 597 3046 11
618 2991 779 3059 frequentes
798 2993 834 3046 rb
846 2992 917 3046 Get:
935 3007 1005 3060 prae
1024 3009 1084 3046 om·

67 3062 151 3116 nibus
174 3063 237 3117 VB.
329 3069 362 3118 12
382 3066 412 3118 ct
430 3063 524 3118 omnia
544 3079 628 3133 supra
647 3061 726 3115 dieta
744 3061 886 3117 adiutoria
905 3064 928 3119 b.
1005 3062 1084 3117 fotus

67 3133 169 3189 rdet:
188 3137 272 3202 potus
285 3134 342 3189 VB
356 3134 425 3204 (loto
444 3134 506 3189 oleo
526 3152 547 3190 s.
566 3133 612 3188 vel
630 3151 652 3188 r.
672 3134 722 3186 aut
739 3132 758 3187 l.
779 3135 812 3202 b).
886 3140 919 3187 io
939 3133 1084 3189 acerbiore

68 3203 216 3273 (aceruiori
234 3208 260 3273 r)
280 3205 392 3260 elisterc
410 3206 499 3262 rVB:
519 3204 646 3260 acerbior
663 3202 768 3271 clyster
786 3204 877 3272 (eliste
897 3206 923 3273 b)
942 3206 1025 3261 adet.

67 3274 224 3330 iniciendus
239 3276 273 3344 V,
292 3276 394 3331 -dum
403 3279 440 3345 B,
459 3277 546 3331 -dns
561 3279 605 3330 est
618 3273 719 3330 rbGel.
772 3281 805 3329 16
823 3275 1084 3330 his—adhibendus

68 3348 124 3401 est:
143 3348 208 3402 baec
225 3350 308 3403 rerba
333 3365 401 3419 qnae
420 3355 484 3417 post
501 3345 635 3402 liberavit
655 3345 756 3399 tabent
773 3345 929 3415 rVBaet„
952 3364 1002 3402 eno
1026 3349 1086 3402 loco

67 3419 564 3488 1118111αό11εοῖοόαιῆθαίΧΙβΟό.
581 3417 649 3485 XV,
658 3418 718 3471 130.
729 3416 937 3485 Hipp.II‚522.
949 3417 1085 3473 Gaetctr.

70 3493 96 3556 5,
110 3493 148 3545 23
167 3492 234 3560 eta),
252 3493 301 3561 pai
315 3491 407 3562 perpet
424 3489 467 3543 Ex
484 3489 539 3545 hoc
557 3488 632 3544 enim
650 3486 712 3540 loeo
731 3485 847 3556 sanguis
865 3505 906 3556 pr.
927 3504 992 3556 sepe
1011 3487 1085 3542 scia-

60 3558 136 3616 ticos
151 3560 297 3619 liberarit.
371 3559 476 3617 etenim
487 3560 590 3618 Van:
609 3558 685 3614 enim
698 3558 742 3613 rB
757 3559 801 3626 (ex
814 3557 868 3612 hoe
881 3557 957 3612 enim
970 3557 1032 3612 loco
1048 3560 1083 3628 b).

449 3802 538 3838 ‘Q
652 3832 689 3837 -..
