2288 3878
85 127 153 191 430
488 126 691 178 viumomm

87 284 466 341 mortuiiuissenthomines.
480 284 593 338 sedhoc
621 285 704 338 modo
728 283 791 352 quis
819 286 948 338 mortuus
973 288 1026 341 est.
1056 287 1104 341 secl

87 357 269 413 nobisfacere
281 356 414 410 nonlicet
424 355 593 424 quiaprohi-
620 355 701 408 nobis
734 354 787 408 hoc
819 353 913 408 facere
946 373 1006 410 non
1038 357 1104 412 licet

87 428 179 482 bitum
193 431 237 482 est
245 427 335 482 nobis.
347 430 376 481 et
389 427 453 481 ideo
463 426 534 480 haec
546 442 592 479 ex·
620 426 688 493 quia
706 424 882 495 prohibitum
906 428 958 480 est.
987 431 1018 482 et
1040 428 1104 483 ideo

86 499 194 569 plicare
212 498 294 552 nobis
314 501 433 568 oportet.
452 497 593 551 rationem
621 497 655 550 de
674 497 728 550 hoc
747 495 921 564 exemplaria
945 499 1023 553 ratio
1043 500 1104 554 red-

86 570 167 625 vobis
191 569 335 623 reddimus
363 569 503 637 quomodo
527 584 592 622 oon·
620 567 704 622 ditur.
741 567 882 635 quomodo
913 569 1103 626 contineatur.

86 641 227 695 tineamur
237 656 348 694 omnem
359 657 459 708 corpus
469 638 591 692 hominis
620 638 722 705 quibus
742 637 933 692 commissuris
950 644 1105 707 (commen-

86 715 115 766 et
137 711 385 780 conp0<sicionem
412 726 482 763 vene
506 725 591 762 mem·
620 709 691 762 suris
701 712 739 777 ce)
750 710 800 762 aut
815 710 1045 779 compaginibus.
1061 712 1105 768 vel

85 783 200 836 brorum
218 784 257 836 sic
275 783 311 836 cl.
330 800 364 835 m.
384 783 416 835 iu
434 781 510 853 ras.)
530 780 591 848 qui-
619 779 843 833 articulomentis
854 782 900 849 (=
914 798 946 850 o,
970 784 1105 839 -amentis

85 854 138 907 bus
153 852 281 907 articulis
298 852 400 919 quibus
416 849 589 905 conmisuris.
618 853 664 918 ee).
686 850 733 904 vel
752 850 855 918 quibus
874 852 965 908 venis.
992 871 1010 908 a
1028 856 1105 924 prin-

85 924 188 992 quibus
204 923 314 977 ossibus
329 923 432 990 quibus
451 922 530 976 venis
545 921 591 975 vel
619 921 693 990 cipio
713 921 838 975 omnium
861 924 1016 978 verborum
1036 926 1106 981 inci-

84 994 178 1049 nervis
192 994 239 1048 vel
253 993 465 1062 conpaginibus.
483 1009 500 1046 a
514 993 591 1062 prin-
617 992 736 1062 piamus.

86 1066 160 1135 cipio
171 1064 296 1119 omnium
304 1063 443 1117 maiorum
452 1063 591 1118 rationem

84 1136 261 1205 incipiamus.

32 1985 36 1991 ,
119 1931 159 1998 (3)
182 1931 286 1997 caput
310 1932 406 1982 noster
433 1932 488 1997 (ff)
513 1944 589 1982 com·
652 1928 1101 1996 (3)caputverovi1ihabetcom·

82 1999 216 2053 missuras
240 1999 328 2053 habet
354 1999 485 2066 quinque.
515 1998 588 2052 sicut
615 1998 750 2052 missuras
773 1998 905 2068 quinque.
935 2001 976 2055 sic
1003 2007 1099 2058 autem

83 2070 204 2123 diximus
225 2070 345 2124 simacus
365 2069 588 2124 anatomicorum
616 2069 728 2138 scripsit
752 2087 875 2123 summus
899 2075 1001 2126 auctor
1026 2090 1099 2129 ero·

82 2141 178 2211 lupio
198 2144 227 2195 et
242 2141 419 2211 erophilus
435 2140 586 2195 sicatartis.
614 2140 732 2209 philus
756 2140 833 2195 sicia.
858 2145 887 2195 et
909 2141 1001 2198 habet
1023 2162 1096 2199 mas-

82 2213 189 2267 habent
207 2212 326 2266 masculi
352 2211 493 2266 calvariae
513 2228 586 2265 com·
615 2211 694 2264 culus
713 2211 744 2265 in
758 2212 883 2266 calvaria
897 2215 1096 2269 commissuras

81 2282 216 2336 missuras
240 2282 364 2351 quinque
392 2283 497 2337 arteria
521 2298 587 2335 con·
615 2282 746 2350 quinque.
762 2283 1096 2340 alterutresecontinen-

81 2354 212 2407 tinentcs.
227 2353 333 2406 femina
347 2353 453 2407 veroin
467 2353 586 2407 circuitu
614 2355 664 2409 tes.
684 2354 791 2408 femina
808 2371 875 2408 vcro
894 2354 925 2407 in
943 2355 1095 2410 circuitum

81 2424 156 2477 unde
174 2421 347 2493 ‘agnoscitur
375 2424 516 2478 calvariae
546 2423 586 2477 fe·
614 2425 854 2492 rotundumaquo
862 2426 1036 2495 agnoscitur.
1046 2429 1095 2482 ha-

80 2493 586 2633 ttirllllttllutlit‘mzln
613 2495 1027 2635 ltlrltlbltlalllll
1045 2516 1095 2624 tt

80 2635 170 2688 brano
189 2634 235 2688 cui
249 2635 427 2704 superposita
446 2639 489 2690 est
504 2636 583 2691 cutis.
613 2641 755 2692 metanem
779 2636 948 2707 appellatur.
973 2587 1095 2694 cuigrco-

79 2706 168 2760 habet
195 2708 291 2759 autem
323 2705 502 2774 capillos
529 2723 585 2760 non
612 2710 712 2763 herent
734 2709 898 2762 membrana
920 2708 1025 2776 quibus
1050 2729 1095 2765 su·
1134 2743 1140 2756 ·

78 2779 194 2847 propter
223 2777 349 2832 decorem
375 2778 425 2830 sed
451 2794 468 2830 a
492 2776 584 2832 fronte
611 2779 757 2849 perposita
775 2782 819 2833 est
837 2778 910 2832 cutis
929 2797 985 2852 que
1004 2781 1095 2836 habet

79 2865 193 2918 corpore
232 2851 382 2918 conspecta
420 2849 585 2903 membrana
613 2849 731 2920 capillos
762 2866 819 2903 non
851 2849 943 2905 solum
976 2856 1096 2921 propter

78 2923 121 2974 est
150 2921 243 2975 etiam.
272 2923 305 2973 ut
332 2919 424 2974 iberni
449 2920 583 2990 temporis
613 2921 741 2976 decorem
768 2920 856 2991 positi
884 2923 956 2976 sunt.
987 2923 1039 2976 sed
1062 2928 1095 2978 ut

77 2992 222 3045 cerebrum
249 2994 376 3045 nostrum
404 2991 584 3046 bestiendum
611 2991 732 3046 frontem
756 2991 919 3061 cooperiant
946 2995 1095 3063 conspersi

77 3061 228 3116 calefaciat
260 3065 289 3116 et
322 3065 416 3117 extate
448 3061 582 3131 temporis
611 3063 789 3118 membranis.
818 3066 851 3116 ut
877 3061 990 3116 hiberni
1021 3069 1095 3120 tem-

77 3132 202 3201 spatiosc
217 3132 284 3186 solis
300 3134 393 3188 calore
408 3135 521 3188 cerebro
537 3151 583 3187 ex-
631 3133 687 3189 oris
702 3134 844 3188 celebrum
857 3133 1005 3189 vestiendo
1018 3136 1094 3191 cale-

76 3206 158 3257 tuare
177 3220 234 3256 non
252 3204 407 3271 permittas.
609 3151 706 3260 iaciat.
739 3206 768 3259 et
793 3206 934 3273 ex(s⁰)tate
962 3208 1092 3276 tempore

610 3274 678 3329 solis
697 3275 820 3330 calorem
836 3273 979 3329 celebrum
998 3276 1095 3347 ipsum

609 3363 667 3400 non
685 3346 783 3401 vitiari
801 3345 956 3416 permittat.

287 3496 370 3569 iar)
796 3498 834 3551 11
846 3495 896 3565 (u)
970 3473 973 3477 ’
