2288 3878
78 182 123 246 42
390 142 583 236 rnnononi
597 182 779 236 rmscmu
816 152 822 161 ’

78 349 164 409 davit.
202 351 290 408 etiam
310 356 339 409 et
359 351 406 409 sui
427 348 549 413 semoris
572 350 748 427 sanguinem
770 348 956 411 infundendo
975 350 1032 411 dlii
1050 354 1096 412 sui

78 436 158 498 albas
181 436 310 498 maculas
333 436 549 516 permundavit.
876 438 885 455 '

166 543 286 623 glaucos
308 562 378 604 vero
402 543 504 607 oculos
528 546 554 603 si
578 543 736 623 denigrare
755 542 895 627 volueris,
918 544 977 606 hoc
997 546 1097 607 lacios.

78 632 221 712 gallarum
243 631 397 711 pulverem
420 634 631 692 tenuissimum
655 644 707 692 2..
730 650 800 692 cum
822 650 898 712 aqua
922 633 1002 695 hone
1026 637 1097 695 trito

51 721 217 782 vsimiliter
235 724 337 781 uteris.
373 728 403 781 et
422 720 533 800 leporis
553 719 592 780 lcl
612 721 737 780 mixtum
757 718 838 781 melli
857 720 980 800 glaucos
995 722 1098 784 oculos

78 817 195 870 revocat
218 813 250 869 in
273 816 415 869 natmam.

166 918 201 975 si.
214 915 351 975 hordeoli
374 918 405 975 in
427 914 577 995 palpebris
602 922 772 996 nascentur,
794 915 902 976 hordei
921 916 1099 979 decoctione

78 1004 172 1065 calida
205 1002 306 1064 oculos
338 1002 515 1064 lomentalvis
549 1010 579 1067 ct
610 1011 678 1083 post
710 1021 779 1064 cera
809 1002 971 1083 liquefacta
998 1004 1101 1068 locum

76 1100 190 1172 tanges.
237 1100 266 1152 et
294 1095 320 1153 si
347 1110 517 1153 muscarum
546 1091 695 1170 capitibus
723 1091 821 1153 locum
847 1093 1013 1176 condices,
1043 1095 1100 1157 hoc

39 1193 65 1233 10
79 1181 158 1242 idem
181 1182 276 1242 saciet.
649 1172 661 1193 “

167 1288 201 1347 ad
228 1287 370 1348 leucoma.
395 1289 511 1365 eryngii
534 1289 669 1368 campani
692 1285 752 1348 unc
774 1287 836 1368 llll,
859 1294 962 1366 guttae
987 1307 1101 1352 ammo·

19 1374 24 1389 ²
78 1377 157 1447 niaci
180 1375 239 1435 unc
261 1375 300 1456 ΙΙ,
323 1394 472 1436 commeos
495 1374 555 1436 unc
573 1375 593 1435 l.
636 1394 705 1436 cum
723 1394 799 1455 aqua
817 1366 941 1456 pluviali
959 1386 1103 1441 conteres

79 1470 109 1523 ot
132 1462 286 1540 collyrium
308 1463 433 1525 facies.
463 1528 467 1535 ,

25 1563 67 1627 41
168 1566 289 1646 capillos
317 1587 387 1629 vero
415 1572 652 1655 contrariossic
680 1573 763 1631 nasci
790 1588 851 1631 non
874 1575 1053 1655 permittes,
1076 1577 1102 1635 si

40 1671 65 1710 u
79 1659 105 1716 is
129 1655 238 1715 evulsis
262 1654 325 1716 loca
349 1661 491 1736 sanguine
510 1660 625 1718 cimicis
644 1666 755 1738 tangas.
798 1667 828 1720 ct
847 1662 1101 1740 sanguisugarum
1124 1660 1128 1667 ’

42 1924 47 1930 ·
79 1915 165 1970 muris
180 1916 317 1986 sanguine
331 1915 492 1986 inungendo
506 1915 606 1971 solisve
621 1917 703 1973 albas
715 1917 843 1973 maculas
857 1919 1064 1988 permundavit
1073 1924 1102 1991 (t)

81 1988 148 2056 oet,
167 1989 216 2042 ubi
229 1989 268 2043 sic
282 1990 344 2043 rB:
365 1990 393 2041 et
407 2004 442 2042 ox
456 1987 500 2041 sui
514 1989 553 2055 (et
572 1987 616 2042 sui
629 1991 654 2058 r)
669 1989 783 2044 femoris
803 1988 942 2061 sanguine
952 1992 1066 2059 (—ncm
1076 1996 1100 2062 r)

78 2057 252 2113 infundendo
270 2057 323 2112 filii
343 2058 398 2128 (sui
416 2060 479 2113 add.
499 2062 523 2128 r)
544 2057 624 2112 albus
643 2059 769 2115 maculas
787 2060 999 2131 permundavit.
1032 2081 1102 2133 puae

79 2147 128 2185 ora.
149 2132 173 2198 b,
192 2132 238 2184 sed
257 2137 352 2184 octavu
370 2132 401 2183 iu
438 2148 458 2183 r.
474 2147 504 2199 p.
519 2134 583 2184 412.

150 2200 292 2270 3denigr.
313 2200 337 2253 si
355 2218 381 2254 v.
430 2201 460 2254 el.
520 2199 573 2254 hoc
592 2201 654 2256 Br:
675 2200 714 2254 sic
735 2202 796 2256 oet.
868 2206 932 2271 dg.
952 2202 1099 2273 pulvorem

78 2272 242 2338 tenuissm
260 2271 357 2326 tritum
378 2287 442 2324 cum
460 2287 536 2339 aqua
550 2271 637 2326 uteris
652 2273 675 2340 b,
695 2290 720 2342 g.
735 2270 881 2341 pulverem
898 2273 1099 2329 tenuissimum

79 2358 142 2394 cum
160 2360 234 2411 aqua
256 2343 327 2397 bene
352 2342 451 2395 tritum
475 2341 606 2396 similiter
630 2342 729 2397 atteris
749 2342 847 2412 (uteris
866 2344 892 2413 r)
910 2344 968 2413 rB,
989 2363 1017 2415 g.
1036 2344 1097 2416 pul-

78 2427 143 2466 vere
160 2415 254 2482 tinges
272 2413 357 2466 simul
376 2429 440 2466 cum
458 2413 622 2481 aquabona
640 2413 708 2467 trito
728 2413 858 2468 similiter
876 2414 965 2468 utaris
985 2419 1067 2486 (corr.
1075 2418 1097 2485 l)

20 2520 24 2527 -
81 2482 139 2537 Gal.
266 2484 419 2537 bmixtum
436 2483 515 2538 melli
534 2485 581 2538 rB
600 2482 689 2553 (melli
708 2478 891 2539 commixtum
909 2486 944 2554 b).
964 2493 1096 2558 corrupto

79 2554 144 2606 ltoec
160 2552 266 2619 frustra
285 2557 403 2611 mutavit
418 2556 476 2611 oet.
491 2554 633 2624 (similitor
646 2555 734 2610 uteris
753 2557 783 2609 et
800 2555 819 2610 1.
834 2554 909 2611 felle.
929 2572 996 2610 oum
1013 2557 1096 2612 molle

79 2622 117 2693 gl.
137 2638 162 2676 o.
180 2624 249 2691 etc),
267 2641 314 2693 epo
334 2626 461 2680 lucturam
478 2628 566 2680 motui
579 2626 623 2696 (cf.
638 2644 679 2697 pr.
695 2643 725 2696 p.
741 2632 804 2682 412.
825 2627 887 2681 Gal.
898 2627 972 2696 ΧΠ,
988 2632 1063 2698 740).

81 2698 96 2746 6
115 2695 231 2747 revocat
249 2695 349 2749 odet:
368 2698 486 2750 renovat
504 2697 559 2752 rB.
692 2695 866 2752 thordeoli:
885 2699 919 2765 cf.
939 2715 982 2768 pr.
998 2717 1028 2769 p.
1043 2703 1096 2754 350

81 2763 213 2833 (κρνθάς),
288 2767 438 2819 nascentur
457 2768 529 2823 oet:
550 2768 686 2821 -ountur
702 2769 779 2823 Bor.
840 2764 1005 2839 'dtunges
1025 2770 1096 2827 oeta

82 2834 160 2904 —gis
179 2835 256 2891 Bor.
347 2837 480 2892 confrices
501 2839 568 2908 cet,
587 2837 663 2892 -cis
681 2856 709 2894 r:
729 2855 812 2892 -ces
831 2840 866 2894 Β.
974 2845 1010 2894 10
1027 2839 1097 2894 fucit

81 2904 138 2973 (lad
152 2908 179 2974 b)
198 2907 259 2961 Bb:
279 2905 366 2960 socies
385 2908 487 2963 rdet·
614 2914 647 2962 11
665 2909 896 2978 praetermissum
913 2909 1010 2965 fuerat
1028 2910 1096 2966 item

81 2974 167 3030 uliud.
196 2976 344 3046 erungium
362 2994 385 3032 c.
404 2981 444 3033 sic
461 2981 547 3046 insert
562 2980 619 3035 Gal.
639 2999 663 3035 o.
682 2982 878 3051 11-13(qoac
896 2996 946 3036 om.
967 2983 1013 3035 B.
1033 2987 1096 3037 cunt

81 3064 114 3101 ea
132 3048 202 3115 πρὸς
220 3049 395 3117 depauperare,
418 3051 463 3103 cta·
481 3057 545 3118 post
562 3069 586 3106 o.
603 3056 639 3105 10
657 3046 888 3122 (fucl'sttba'ttrtpit
905 3053 922 3106 b
941 2985 1023 3122 (Ast)
1040 3053 1096 3108 Len

81 3119 201 3173 comata.
237 3118 360 3190 Erugine
385 3135 552 3189 campanum
635 3124 698 3176 item
715 3140 743 3177 r:
768 3122 812 3175 Ad
830 3121 960 3176 leucoma
983 3123 1095 3194 erugiue

80 3192 1106 3342 ἔξιῗέῗυῧι..’τ’’(αὒὶιξοὲἵξνῌαᾞοῗὶῗὲἱῖἕυηῖωιῇνθιεῑηᾱᾶῐῡῖιιὲζάὺ

80 3332 206 3385 conteres
233 3333 262 3386 et
289 3332 400 3387 collirio
427 3331 514 3386 fames
542 3335 604 3402 (leuc
630 3352 714 3404 usquc
736 3336 762 3416 r)
786 3336 818 3388 el
841 3333 930 3389 uteris
952 3337 1002 3391 ror
1028 3334 1094 3390 triu

80 3401 244 3472 supradicta
262 3402 456 3465 commiscebis
476 3405 505 3457 et
522 3405 596 3458 teres
615 3406 647 3457 ut
665 3403 807 3459 collinum
824 3404 914 3458 facias
935 3406 994 3462 Gal.

80 3478 114 3527 14
132 3473 211 3528 nesci
233 3492 291 3529 non
309 3475 455 3545 permittes
473 3475 559 3530 rGel.
578 3474 670 3544 (nasci
692 3491 750 3529 non
771 3475 860 3530 facins
875 3477 915 3545 b):
938 3492 997 3531 non
1017 3474 1093 3531 nasci

70 3544 226 3612 permittas
243 3548 279 3603 B.
305 3578 337 3588 -
356 3548 391 3617 cf.
409 3561 499 3619 groco.
513 3563 544 3616 p.
559 3548 621 3602 349.
703 3545 728 3598 si
746 3545 790 3600 his
808 3547 857 3601 rB
872 3546 952 3603 oete
964 3547 1016 3603 ubi
1032 3548 1059 3602 b.
