2288 3878
35 156 101 221 372
260 156 537 209 ANTIDOTARIUM
554 156 833 211 sumansu.

35 323 71 384 ad
95 323 222 384 saucium
247 330 378 382 tumores
401 322 504 401 aforis,
527 320 562 381 ad
586 320 731 403 scabiem,
762 324 802 384 ad
826 328 998 409 ragadium,
1016 326 1045 387 ad

36 411 237 473 exochadium.
922 482 927 489 ,

124 503 209 562 cuius
233 500 437 560 medicaminis
461 501 634 578 compositio
657 498 726 560 talis
749 509 806 561 est.
832 522 927 566 cerae
951 506 1049 567 mbeac

36 600 66 650 et
85 609 169 650 cerae
189 591 323 667 ponticae
343 587 432 648 libras
452 587 591 669 singulas,
613 592 794 667 opopanacis
817 593 886 653 unc
904 594 940 655 11.
962 596 1051 656 oleum

37 687 134 739 atatem
162 677 369 738 secundarium
398 678 626 755 pinguissimum
656 685 783 745 tantum,
806 683 936 744 mittere
960 685 1076 764 debes,⁵

38 778 70 829 ut
97 771 245 847 pigmenta
273 773 418 843 tegantur.
446 764 574 825 resoluta
601 767 632 826 in
660 765 770 827 cacabo
798 771 920 831 mundo
950 773 1053 835 colabis

38 857 127 917 etad
151 862 423 934 supramemorata
447 857 548 914 uteris,

4 943 29 1009 10
126 942 357 1022 Diaherpyllu
381 961 534 1021 acopum.
568 941 734 1023 serpillum,
756 944 885 1008 faenum
910 969 1056 1031 graecum,

39 1036 119 1094 iunci
142 1033 266 1112 radices,
290 1033 366 1091 roris
389 1033 496 1092 marini
518 1030 608 1091 libras
632 1033 770 1110 singulas.
799 1034 879 1097 haec
904 1044 1010 1102 omnia
1030 1043 1057 1101 in

38 1126 100 1184 vini
125 1124 235 1182 veteris
259 1120 427 1180 sextariisV
446 1122 542 1181 infusa
562 1123 621 1181 siut
639 1121 744 1181 diebus
762 1121 795 1202 V,
819 1123 873 1185 die
894 1137 986 1191 sexto
1006 1130 1057 1190 olei
1066 1134 1084 1175 1⁰

40 1211 136 1272 sabini
150 1213 244 1270 mittis
263 1212 407 1269 sextarios
427 1212 566 1289 quinque.
586 1210 645 1270 leni
668 1209 734 1269 ioco
752 1212 937 1291 impositum
958 1237 997 1279 eo
1016 1239 1058 1281 us·

40 1319 97 1379 que
130 1301 267 1378 coquitur
298 1306 331 1358 ut
358 1301 459 1358 vinum
491 1299 668 1359 absumatur.
700 1306 804 1377 postca
836 1306 942 1366 mittis
978 1328 1059 1370 cerac

39 1390 175 1467 ponticae
210 1389 312 1446 uncias
331 1386 418 1446 Xllll.
442 1387 511 1447 iacit
538 1396 635 1448 autem
664 1387 845 1470 podagriciS,
881 1395 1060 1478 arthriticis‚

42 1479 142 1555 spinae
166 1475 273 1554 dolori,
303 1478 431 1536 sciaticis
463 1477 601 1536 omnibus
624 1478 748 1537 mirifice
771 1478 910 1555 prodest.
941 1494 976 1546 et
1005 1487 1061 1548 dia·

42 1566 131 1625 citriu
154 1582 277 1643 scopum
302 1563 416 1624 adhoc
440 1565 516 1625 iacit.
1072 1579 1088 1620 n

4 1655 30 1717 tl
63 1688 66 1693 -
129 1653 306 1714 Diacitriu
331 1672 483 1733 acopum.
509 1657 593 1716 cirins
617 1655 762 1715 confectio
786 1654 854 1715 talis
877 1669 935 1721 est.
964 1667 1000 1726 in
1019 1686 1062 1727 ca·

42 1743 113 1804 cabo
142 1762 233 1822 aquae
257 1743 397 1802 ferventis
426 1743 583 1822 deponitur
609 1744 664 1805 aiis
688 1741 804 1803 oliicula
829 1763 931 1831 aerea,
958 1755 1006 1816 ita
1028 1774 1062 1815 ne

42 1853 116 1912 aqua
139 1832 199 1893 illie
219 1835 309 1892 intret
328 1831 470 1893 olliculae.
495 1836 542 1893 cui
565 1834 637 1894 haec
656 1833 799 1893 mittenda
823 1843 904 1897 sunt.
930 1844 1063 1905 citreum

42 1958 135 2018 viride
155 1957 303 2037 acerbum,
326 1957 488 2036 peucedani
507 1958 610 2017 viridis
624 1929 643 2034 f)
657 1957 679 2037 1,
698 1955 755 2015 olei
770 1957 866 2018 sabini
883 1971 1018 2029 sextarii
1032 1970 1063 2030 ll.

43 2046 98 2107 sub
121 2050 185 2126 ipsa
209 2047 256 2106 die
280 2045 369 2106 simul
391 2053 566 2126 coquuntur,
595 2065 683 2124 supra
706 2046 853 2106 servorem
876 2067 980 2130 aquae
1007 2059 1093 2119 fer-²⁰

43 2139 138 2196 ventis
167 2143 200 2196 ut
227 2135 343 2195 oliicula
370 2134 511 2193 habeatur
539 2135 591 2194 uhi
618 2136 743 2194 citreum
771 2153 838 2194 cum
866 2145 985 2204 ceteris
1011 2158 1063 2208 est.

43 2233 199 2305 postquam
226 2225 298 2284 hacc
326 2223 446 2282 decocta
474 2223 596 2302 suerint,
624 2223 721 2283 oleum
749 2222 862 2284 colatur
891 2229 924 2288 in
948 2237 1063 2296 cacah0

44 2322 74 2374 et
96 2315 224 2391 desuper
251 2314 379 2371 mittitur
407 2328 491 2370 cerae
519 2314 654 2388 ponticae
678 2310 719 2371 lib
739 2311 758 2371 1.
792 2315 922 2389 agitatur
947 2339 1063 2399 quous-

45 2420 101 2480 que
130 2401 259 2460 so1vatur
286 2416 361 2458 cera.
394 2398 560 2457 consectum
586 2402 618 2458 iu
645 2418 695 2459 vas
728 2402 854 2459 vitreum
883 2421 1062 2486 reponatur,

30 2491 114 2570 ¹iacit
137 2487 172 2547 ad
196 2505 229 2546 ea
253 2504 327 2565 quae
351 2492 381 2545 et
399 2485 609 2566 diaherpyllou
632 2486 662 2545 id
681 2494 726 2547 est
744 2486 923 2574 podagricis
949 2502 1098 2563 ambri-²⁵

45 2579 122 2657 ticio,
145 2577 246 2653 spinae
270 2573 374 2652 dolori,
398 2581 426 2633 et
450 2576 586 2634 sciaticis

4 2669 35 2732 32
133 2664 171 2724 In
194 2681 276 2723 aure
300 2661 427 2721 vulnus
452 2664 477 2720 si
500 2663 598 2743 suerit,
621 2682 742 2724 excavas
766 2664 1064 2748 malumgranatum

46 2763 76 2816 et
94 2756 186 2815 mittis
205 2751 265 2812 illie
281 2769 402 2829 myrran
420 2753 534 2829 piesten
554 2752 612 2812 mel
632 2760 661 2812 et
679 2762 795 2814 acetum
814 2764 843 2814 et
866 2758 902 2817 ad
922 2769 1064 2841 cynisam

47 2848 157 2923 coquis.
187 2862 222 2904 ex
246 2860 280 2902 eo
307 2842 399 2901 mittis
422 2841 555 2919 tepidum
583 2861 637 2921 per
664 2843 766 2903 folium
794 2843 869 2904 lauri
897 2857 948 2909 aut
974 2866 1063 2920 oten-

48 2935 161 3014 chyten.
186 2940 276 2994 sanat.
300 2931 349 2991 alii
371 2949 425 3010 pro
449 2949 547 2992 murra
572 2933 748 2993 afronitrum
771 2936 898 2995 mittunt.
1077 2950 1102 2991 eo

119 3104 280 3173 4pomicae
299 3106 334 3159 Β.
390 3103 630 3174 8Diaherpillum
648 3106 684 3160 B.
740 3111 771 3158 11
791 3104 849 3159 leui
868 3106 903 3159 B.
952 3116 987 3164 13
1008 3134 1064 3185 pu.

48 3175 138 3230 micae
158 3177 229 3243 (itio)
249 3177 284 3231 Β.
367 3180 402 3229 14
420 3174 543 3229 sciaticis
562 3177 590 3230 B
608 3177 653 3245 (cf.
673 3176 732 3230 seia
750 3180 795 3247 19)
811 3193 864 3246 pro
882 3176 1063 3247 ischiadicis,

52 3254 83 3300 14
103 3250 158 3317 (16)
178 3246 339 3301 diacitrium
356 3248 392 3302 B.
467 3252 498 3300 15
513 3247 551 3301 ad
568 3247 776 3316 hoc—acopum
794 3249 822 3302 B
840 3252 902 3311 (om.
920 3251 985 3314 ea).

51 3323 82 3372 21
103 3320 136 3372 ui
153 3335 203 3372 om.
223 3319 261 3373 ed.
344 3323 378 3372 23
397 3317 528 3387 ponticae
542 3320 593 3382 (sie
610 3320 658 3373 boc
677 3319 744 3384 ioco)
765 3318 800 3372 B.
891 3325 924 3372 25
944 3321 1063 3383 diaher-

51 3388 140 3459 piilon
158 3390 194 3444 B.
267 3394 301 3442 28
319 3406 442 3458 myrram
459 3388 571 3457 piasien
588 3389 617 3442 B
636 3391 681 3458 (=
696 3389 799 3456 στακτή
817 3391 851 3458 es.
870 3390 963 3447 Dicae.
979 3401 1006 3463 1,
1022 3404 1063 3456 77

52 3463 124 3517 node
141 3478 220 3517 11111
238 3462 319 3517 ducit
336 3462 376 3516 ed.
395 3458 585 3530 pediasimos).
683 3459 720 3512 ad
739 3459 865 3528 cynisam
881 3462 943 3529 (eie)
960 3465 990 3517 B
1009 3470 1062 3537 (ad

55 3532 202 3587 dimidium
218 3533 279 3602 ea).
361 3536 395 3585 29
415 3530 582 3599 otheniyten
599 3531 635 3586 B.
725 3530 811 3586 mirra
829 3533 864 3587 B.
916 3584 925 3599 ,
