2288 3878
66 129 131 193 332
398 132 743 183 resumo-runouour

66 293 95 341 et
119 288 219 342 exinde
243 291 357 356 cyatum
382 306 468 341 unum
486 287 567 357 potui
586 289 662 344 dato.
689 288 787 342 vinum
805 288 856 342 ubi
874 289 940 357 pira
959 290 1088 359 agrestia

66 367 170 422 fuerint
204 369 328 434 decocta,
356 368 436 437 potui
465 369 541 423 dato.
575 371 685 422 murtae
714 384 811 421 sucum
832 367 917 436 potui
947 369 1029 438 dato,
1058 372 1087 423 et

66 448 163 501 vinum
187 448 236 501 ubi
265 449 384 502 eandem
411 453 535 501 murtam
561 447 712 502 decoreris.
741 446 903 515 iuniperum
926 446 1029 501 tritum
1052 465 1084 502 ex

67 528 133 581 vino
153 527 233 596 nigro
253 544 415 596 expressum
428 527 508 596 potui
528 528 604 582 dato.
630 526 695 580 rubi
709 542 805 595 cymas
818 525 850 579 in
863 525 932 579 vino
953 527 1084 580 decoctas

41 609 191 662 sedendas
212 608 301 662 dabis.
327 607 372 661 vel
392 607 484 676 ipsum
502 606 600 660 vinum
617 608 749 675 potatum
766 604 872 674 optime
891 605 972 661 facit.
998 606 1083 660 ficata

68 687 193 740 omnium
211 704 303 741 rerum
323 691 419 741 assata
433 690 462 741 et
477 685 555 740 edita
573 689 701 740 ventrem
719 685 872 755 stringunt.
898 685 1017 739 ficatum
1034 687 1084 740 bu-

67 765 165 819 bulum
184 783 321 835 expurges
341 769 370 819 et
389 765 420 818 in
438 767 518 819 aceto
535 765 668 819 infundas
688 768 718 819 et
737 782 833 818 assum
854 764 885 817 in
909 765 974 818 cibo
995 767 1084 821 dabis.

67 845 120 898 hoc
131 849 160 899 et
170 847 336 914 sanguinem
351 845 552 899 assellautibus
562 844 640 899 iacit.
660 845 757 898 fimum
770 843 966 898 columbinum
980 845 1084 899 siccum

67 926 166 979 tritum
186 944 248 978 cum
267 926 333 979 vino
352 926 433 994 potui
453 926 528 978 dato.
557 925 657 978 turdus
676 927 788 978 assatus
812 924 872 978 sive
893 924 1004 978 merula
1022 943 1083 994 gra

28 1022 53 1058 ιο
68 1005 213 1058 vissimum
232 1006 338 1060 ventris
357 1005 459 1059 vitium
478 1005 561 1059 sistit.
590 1002 731 1057 hircinum
749 1003 826 1058 iecur
845 1003 952 1057 siceum
971 1021 1007 1058 ex
1024 1004 1083 1058 vini

73 1087 102 1138 Si
116 1086 142 1138 Π
161 1086 198 1139 ad
216 1086 359 1140 heminam
379 1087 525 1139 decoctum
543 1084 633 1138 bibat.
658 1082 809 1152 coagulum
832 1083 938 1152 leporis
962 1084 994 1136 in
1012 1100 1083 1153 pane

68 1164 249 1218 commixtum
273 1166 303 1218 in
326 1165 390 1219 cibo
420 1165 518 1218 datum
545 1163 662 1216 mirifice
687 1161 765 1217 facit.
794 1162 841 1216 fici
867 1162 940 1217 folia
968 1163 999 1216 in
1027 1162 1083 1217 sole

69 1244 175 1297 siccata
199 1245 268 1298 trita
291 1249 320 1298 et
344 1245 373 1297 in
396 1244 541 1313 pulverem
559 1242 756 1297 tenuissimum
774 1241 891 1296 redacta
914 1242 945 1295 in
969 1242 1083 1313 potione

69 1323 145 1388 dato,
165 1324 294 1391 quamvis
315 1323 500 1392 dyssenterici
519 1326 548 1376 et
566 1322 684 1377 coeliaci
701 1322 850 1376 amedicis
869 1321 928 1375 sint
947 1322 1083 1388 derelicti,

29 1416 54 1456 rs
70 1401 190 1454 salutem
209 1404 348 1458 restituet.
377 1403 475 1473 paleas
494 1402 525 1455 in
543 1419 609 1456 vase
629 1403 775 1457 combures
792 1404 822 1455 et
835 1401 924 1455 facies
942 1401 1085 1455 hominem

68 1485 231 1549 coopertum
254 1485 447 1551 supersedere,
469 1485 500 1536 ut
524 1482 631 1535 fumum
655 1498 690 1535 ex
708 1481 777 1550 ipsis
801 1484 941 1548 quantum
960 1481 1084 1550 potuerit

69 1559 171 1628 capiat.
200 1578 264 1614 mox
283 1563 416 1631 stringet,
440 1562 542 1614 mirum
560 1565 611 1617 est.
639 1562 693 1614 hoc
717 1560 829 1630 saepius
853 1560 951 1614 facito.
980 1561 1084 1615 herbae

68 1639 283 1708 proserpinacae
312 1660 409 1695 sucum
437 1659 528 1710 aequa
556 1657 686 1695 mensura
719 1657 783 1694 cum
815 1640 890 1694 aceti
918 1640 1011 1709 cyatis
1034 1641 1085 1694 llll

68 1719 179 1773 ieiunus
198 1737 280 1773 mane
300 1724 328 1774 et
348 1738 408 1775 sero
428 1721 518 1788 bibat,
537 1739 602 1775 mox
620 1739 705 1775 sanus
725 1720 871 1774 efficietur.
900 1720 955 1774 hoc
974 1724 1004 1775 et
1022 1738 1084 1774 san-

29 1816 55 1855 ro
68 1798 183 1867 guinem
198 1799 400 1854 assellantibus
416 1801 492 1856 facit.
518 1801 623 1855 sivero
638 1818 672 1854 ex
686 1817 720 1854 ea
734 1799 850 1869 potions
863 1816 922 1853 non
941 1799 1085 1854 strinxerit

70 1878 193 1948 sanguis,
208 1880 351 1935 morietur.
370 1881 423 1934 hoc
433 1883 462 1935 et
477 1881 514 1934 ad
528 1880 736 1934 haemorroides
750 1879 828 1935 facit.
848 1878 919 1934 item
932 1880 971 1932 ad
985 1880 1084 1948 ipsum.

72 1958 197 2029 l(p.125)
221 1959 295 2014 lauri
319 1962 404 2014 bacas
424 1978 538 2014 numero
557 1961 696 2029 XLVHH,
716 1959 821 2028 cymini
841 1959 898 2014 551
917 1959 1002 2012 simul
1015 1960 1083 2014 teris

70 2040 181 2090 etcum
204 2042 285 2092 aceto
309 2043 450 2107 temperas
473 2038 503 2091 in
526 2042 641 2093 modum
663 2038 858 2109 malagmatis,
883 2041 913 2092 et
935 2038 1030 2094 ventri
1053 2057 1084 2092 ae

70 2118 215 2171 stomacho
235 2118 354 2187 impone,
375 2122 404 2172 et
423 2117 577 2173 sanabitur.
607 2119 732 2189 lapidem
749 2121 875 2188 gagaten
894 2118 925 2171 in
943 2118 1005 2172 vini
1030 2119 1084 2173 951

30 2214 55 2253 as
70 2213 172 2264 coques
197 2200 226 2250 et
253 2199 333 2266 potui
362 2197 451 2251 dabis.
481 2198 570 2251 herba
598 2199 771 2269 polygonum
798 2198 899 2253 viridis
924 2199 995 2253 trita
1024 2217 1085 2253 cum

70 2294 145 2344 aqua
162 2277 261 2346 tepida
279 2281 400 2346 potetur,
420 2278 525 2330 bonum
544 2280 594 2332 est.
624 2279 693 2333 item
706 2278 832 2348 puleium
851 2279 1084 2332 commanducato

70 2360 99 2410 et
118 2357 252 2410 umbilico
273 2358 419 2426 imponito.
449 2359 591 2410 senectam
615 2359 753 2427 serpentis
777 2376 841 2412 cum
863 2375 980 2412 rosaceo
1005 2359 1085 2411 deco-

70 2435 149 2501 quito
169 2436 199 2489 in
216 2453 283 2490 vase
303 2441 429 2505 stagne0,
449 2438 478 2488 et
495 2436 587 2489 ventri
606 2436 720 2506 illinito‚
739 2439 891 2508 probatum
910 2446 961 2493 est.
997 2439 1085 2509 [Haec

70 2513 166 2566 omnia
185 2515 323 2568 stomachi
341 2515 415 2569 vires
434 2514 584 2572 nutriunt.
601 2561 606 2571 .
623 2561 628 2571 .
645 2519 692 2572 Pr.

30 2637 56 2675 a
230 2621 277 2674 nu
290 2623 327 2675 ru.
342 2622 385 2688 rr,
400 2626 435 2675 31
451 2626 529 2690 (ror)
541 2612 638 2678 -tra
659 2627 696 2678 au
714 2631 817 2678 tearum
836 2625 924 2679 rrae

230 2735 277 2790 Aa
290 2738 333 2804 ΙΙ,
347 2742 384 2790 32
399 2742 478 2805 (108)
499 2738 544 2792 De
562 2738 765 2808 hydropicis
786 2740 835 2806 (ad
853 2741 925 2806 fisa).

142 2823 266 2895 [Stercus
290 2824 482 2879 columbinum
500 2828 556 2895 51,
581 2831 663 2882 rutae
687 2827 801 2880 seminis
820 2828 877 2888 511
896 2827 927 2879 in
946 2827 1086 2896 oxymelle

71 2904 169 2957 datum
187 2906 382 2974 purgatorium
400 2906 491 2960 maius
511 2909 574 2979 est]
604 2907 763 2962 cucumeris
783 2906 906 2961 silvatici
920 2906 961 2960 lib
976 2908 989 2960 I
1004 2908 1022 2961 S
1039 2909 1087 2961 de-

71 3000 173 3052 coques
197 2985 228 3038 in
252 2986 309 3040 olla
331 3004 405 3042 nova
429 2987 459 3040 in
482 2987 542 3040 vini
566 2988 623 3042 551
642 2987 707 3042 ers
731 2987 904 3054 adtentius,
930 2990 960 3040 et
983 2987 1087 3041 exinde

32 3078 58 3117 35
72 3062 212 3131 paulatim
227 3071 327 3134 sumat,
348 3070 377 3122 et
391 3067 512 3136 sorbeat,
527 3067 611 3120 nimis
625 3067 801 3136 purgabitur.
821 3066 922 3120 lotium
937 3083 1088 3135 caprarum

143 3211 158 3258 7
178 3216 345 3275 expurges?:
365 3209 485 3279 apungis
505 3211 528 3263 b.
621 3214 653 3261 10
671 3208 789 3277 hyrcim‘r
804 3212 827 3264 b.
902 3214 936 3260 14
951 3206 1047 3261 ciliaci
1062 3212 1086 3262 l).

71 3281 104 3329 15
120 3277 259 3330 comburis
279 3281 301 3333 b.
394 3286 427 3332 18
447 3280 515 3334 Suc⁹
533 3285 570 3332 ar’r
589 3284 623 3332 cir
639 3323 644 3335 .
661 3324 666 3335 .
683 3323 689 3334 .
705 3282 728 3333 b.
820 3284 853 3332 19
872 3278 968 3332 ieiuno
988 3280 1011 3332 b.

70 3354 105 3401 20
124 3347 269 3402 strinxerit
290 3353 351 3417 (stc)
373 3353 395 3406 b.
469 3358 502 3406 21
523 3350 695 3404 emorroides
710 3352 732 3404 b.
806 3357 841 3403 22
860 3348 922 3403 auri
942 3351 1013 3415 (sine
1033 3352 1086 3404 litt.

70 3423 122 3487 iu.)
143 3421 165 3474 b.
267 3425 300 3472 23
319 3421 460 3492 malagmc
480 3426 502 3478 t.
594 3426 629 3474 ‘lt
647 3421 713 3475 vino
733 3423 756 3476 b.
841 3427 875 3473 25
893 3419 1042 3489 poligonia
1061 3423 1085 3474 b.

63 3495 179 3548 etcum
199 3493 221 3548 b.
298 3498 332 3545 26
350 3492 497 3562 pulegium
515 3497 538 3549 b.
612 3497 646 3546 34
664 3491 731 3547 vino
751 3494 774 3546 l).
