<?xml version="1.0" encoding="UTF-8"?>
<!DOCTYPE html PUBLIC "-//W3C//DTD XHTML 1.0 Transitional//EN"
    "http://www.w3.org/TR/xhtml1/DTD/xhtml1-transitional.dtd">
<html xmlns="http://www.w3.org/1999/xhtml" xml:lang="en" lang="en">
 <head>
  <title>
</title>
<meta http-equiv="Content-Type" content="text/html;charset=utf-8" />
  <meta name='ocr-system' content='tesseract 3.04.00' />
  <meta name='ocr-capabilities' content='ocr_page ocr_carea ocr_par ocr_line ocrx_word'/>
</head>
<body>
  <div class='ocr_page' id='page_1' title='image "./theodoripriscia00rosegoog_0287.png"; bbox 0 0 2288 3878; ppageno 0'>
   <div class='ocr_carea' id='block_1_1' title="bbox 92 157 799 224">
    <p class='ocr_par' dir='ltr' id='par_1_1' title="bbox 92 157 799 224">
     <span class='ocr_line' id='line_1_1' title="bbox 92 157 799 224; baseline 0 -12"><span class='ocrx_word' id='word_1_1' title='bbox 92 157 161 224; x_wconf 78' lang='lat'><strong>254</strong></span> <span class='ocrx_word' id='word_1_2' title='bbox 412 160 603 213; x_wconf 83' lang='lat' dir='ltr'><strong>THEODORI</strong></span> <span class='ocrx_word' id='word_1_3' title='bbox 618 159 799 212; x_wconf 80' lang='lat' dir='ltr'><strong>PRISCIANI</strong></span> 
     </span>
    </p>
   </div>
   <div class='ocr_carea' id='block_1_2' title="bbox 31 323 1107 2524">
    <p class='ocr_par' dir='ltr' id='par_1_2' title="bbox 95 323 1107 581">
     <span class='ocr_line' id='line_1_2' title="bbox 95 323 1106 385; baseline -0.001 -1"><span class='ocrx_word' id='word_1_4' title='bbox 95 332 126 385; x_wconf 91' lang='lat' dir='ltr'><strong>et</strong></span> <span class='ocrx_word' id='word_1_5' title='bbox 149 334 231 384; x_wconf 88' lang='lat' dir='ltr'><strong>aceto</strong></span> <span class='ocrx_word' id='word_1_6' title='bbox 255 327 281 384; x_wconf 92' lang='lat' dir='ltr'><strong>si</strong></span> <span class='ocrx_word' id='word_1_7' title='bbox 305 324 453 385; x_wconf 91' lang='lat' dir='ltr'><strong>odoratur.</strong></span> <span class='ocrx_word' id='word_1_8' title='bbox 499 325 640 385; x_wconf 83' lang='lat' dir='ltr'><strong>excorio</strong></span> <span class='ocrx_word' id='word_1_9' title='bbox 672 324 778 385; x_wconf 88' lang='lat' dir='ltr'><strong>lrontis</strong></span> <span class='ocrx_word' id='word_1_10' title='bbox 806 325 883 384; x_wconf 89' lang='lat' dir='ltr'><strong>asini</strong></span> <span class='ocrx_word' id='word_1_11' title='bbox 912 325 988 385; x_wconf 86' lang='lat' dir='ltr'><strong>lacta</strong></span> <span class='ocrx_word' id='word_1_12' title='bbox 1015 323 1106 384; x_wconf 88' lang='lat' dir='ltr'><strong>veluti</strong></span> 
     </span>
     <span class='ocr_line' id='line_1_3' title="bbox 96 411 1107 494; baseline 0.001 -22"><span class='ocrx_word' id='word_1_13' title='bbox 96 412 217 474; x_wconf 81' lang='lat' dir='ltr'><strong>fasciola</strong></span> <span class='ocrx_word' id='word_1_14' title='bbox 245 431 348 474; x_wconf 89' lang='lat' dir='ltr'><strong>eorum</strong></span> <span class='ocrx_word' id='word_1_15' title='bbox 376 411 493 473; x_wconf 85' lang='lat' dir='ltr'>articuli</span> <span class='ocrx_word' id='word_1_16' title='bbox 521 412 744 491; x_wconf 88' lang='lat' dir='ltr'><strong>constringendi</strong></span> <span class='ocrx_word' id='word_1_17' title='bbox 767 419 845 494; x_wconf 88' lang='lat' dir='ltr'><strong>sunt,</strong></span> <span class='ocrx_word' id='word_1_18' title='bbox 868 419 899 473; x_wconf 88' lang='lat' dir='ltr'><strong>et</strong></span> <span class='ocrx_word' id='word_1_19' title='bbox 921 413 1020 473; x_wconf 80' lang='lat' dir='ltr'>dextri</span> <span class='ocrx_word' id='word_1_20' title='bbox 1039 414 1107 473; x_wconf 60' lang='lat' dir='ltr'><strong>‘eius</strong></span> 
     </span>
     <span class='ocr_line' id='line_1_4' title="bbox 95 499 1105 581; baseline 0 -19"><span class='ocrx_word' id='word_1_21' title='bbox 95 501 181 580; x_wconf 91' lang='lat' dir='ltr'><strong>pedis</strong></span> <span class='ocrx_word' id='word_1_22' title='bbox 203 500 330 580; x_wconf 90' lang='lat' dir='ltr'><strong>ungulae</strong></span> <span class='ocrx_word' id='word_1_23' title='bbox 348 508 482 581; x_wconf 91' lang='lat' dir='ltr'><strong>portatus</strong></span> <span class='ocrx_word' id='word_1_24' title='bbox 501 500 630 562; x_wconf 72' lang='lat' dir='ltr'><strong>circulus</strong></span> <span class='ocrx_word' id='word_1_25' title='bbox 648 503 713 581; x_wconf 94' lang='lat' dir='ltr'><strong>pari</strong></span> <span class='ocrx_word' id='word_1_26' title='bbox 732 501 906 562; x_wconf 90' lang='lat' dir='ltr'><strong>condicione</strong></span> <span class='ocrx_word' id='word_1_27' title='bbox 929 499 1105 562; x_wconf 78' lang='lat' dir='ltr'><strong>medebitur.</strong></span> 
     </span>
    </p>

    <p class='ocr_par' dir='ltr' id='par_1_3' title="bbox 46 588 1106 670">
     <span class='ocr_line' id='line_1_5' title="bbox 46 588 1106 670; baseline 0 -21"><span class='ocrx_word' id='word_1_28' title='bbox 46 639 50 649; x_wconf 95' lang='lat'><strong>.</strong></span> <span class='ocrx_word' id='word_1_29' title='bbox 96 593 210 651; x_wconf 89' lang='lat' dir='ltr'><strong>interea</strong></span> <span class='ocrx_word' id='word_1_30' title='bbox 237 592 373 670; x_wconf 92' lang='lat' dir='ltr'><strong>caprinas</strong></span> <span class='ocrx_word' id='word_1_31' title='bbox 406 597 476 669; x_wconf 84' lang='lat' dir='ltr'><strong>tune</strong></span> <span class='ocrx_word' id='word_1_32' title='bbox 509 589 711 650; x_wconf 89' lang='lat' dir='ltr'><strong>tantummodo</strong></span> <span class='ocrx_word' id='word_1_33' title='bbox 744 607 849 651; x_wconf 91' lang='lat' dir='ltr'><strong>carnes</strong></span> <span class='ocrx_word' id='word_1_34' title='bbox 882 588 1106 651; x_wconf 81' lang='lat' dir='ltr'>comedentibus</span> 
     </span>
    </p>

    <p class='ocr_par' dir='ltr' id='par_1_4' title="bbox 67 677 1105 1114">
     <span class='ocr_line' id='line_1_6' title="bbox 67 677 1104 761; baseline -0.003 -21"><span class='ocrx_word' id='word_1_35' title='bbox 67 678 277 740; x_wconf 73' lang='lat' dir='ltr'><strong>ocamelorum</strong></span> <span class='ocrx_word' id='word_1_36' title='bbox 304 677 432 739; x_wconf 86' lang='lat' dir='ltr'>medulla</span> <span class='ocrx_word' id='word_1_37' title='bbox 460 677 525 739; x_wconf 92' lang='lat' dir='ltr'><strong>oleo</strong></span> <span class='ocrx_word' id='word_1_38' title='bbox 557 696 643 739; x_wconf 93' lang='lat' dir='ltr'><strong>roseo</strong></span> <span class='ocrx_word' id='word_1_39' title='bbox 671 678 802 761; x_wconf 82' lang='lat' dir='ltr'><strong>resoluta</strong></span> <span class='ocrx_word' id='word_1_40' title='bbox 833 686 968 758; x_wconf 88' lang='lat' dir='ltr'><strong>tempora</strong></span> <span class='ocrx_word' id='word_1_41' title='bbox 1000 679 1104 757; x_wconf 90' lang='lat' dir='ltr'><strong>eapitis</strong></span> 
     </span>
     <span class='ocr_line' id='line_1_7' title="bbox 95 766 1104 846; baseline -0.002 -18"><span class='ocrx_word' id='word_1_42' title='bbox 95 767 265 828; x_wconf 82' lang='lat' dir='ltr'><strong>stomachus</strong></span> <span class='ocrx_word' id='word_1_43' title='bbox 289 774 319 827; x_wconf 93' lang='lat' dir='ltr'><strong>et</strong></span> <span class='ocrx_word' id='word_1_44' title='bbox 336 773 430 827; x_wconf 91' lang='lat' dir='ltr'><strong>totum</strong></span> <span class='ocrx_word' id='word_1_45' title='bbox 449 774 553 845; x_wconf 89' lang='lat' dir='ltr'><strong>pectus</strong></span> <span class='ocrx_word' id='word_1_46' title='bbox 576 769 729 828; x_wconf 84' lang='lat' dir='ltr'><strong>matutinis</strong></span> <span class='ocrx_word' id='word_1_47' title='bbox 752 766 835 827; x_wconf 91' lang='lat' dir='ltr'><strong>horis</strong></span> <span class='ocrx_word' id='word_1_48' title='bbox 858 766 1104 846; x_wconf 74' lang='lat' dir='ltr'><strong>perunguendum</strong></span> 
     </span>
     <span class='ocr_line' id='line_1_8' title="bbox 94 854 1104 935; baseline -0.003 -18"><span class='ocrx_word' id='word_1_49' title='bbox 94 864 158 935; x_wconf 72' lang='lat' dir='ltr'><strong>est.</strong></span> <span class='ocrx_word' id='word_1_50' title='bbox 195 875 232 916; x_wconf 82' lang='lat' dir='ltr'><strong>ex</strong></span> <span class='ocrx_word' id='word_1_51' title='bbox 256 857 397 933; x_wconf 85' lang='lat' dir='ltr'><strong>sanguine</strong></span> <span class='ocrx_word' id='word_1_52' title='bbox 424 854 618 916; x_wconf 83' lang='lat' dir='ltr'><strong>mustelarum</strong></span> <span class='ocrx_word' id='word_1_53' title='bbox 645 864 829 934; x_wconf 85' lang='lat' dir='ltr'><strong>unguentum</strong></span> <span class='ocrx_word' id='word_1_54' title='bbox 853 873 887 916; x_wconf 88' lang='lat' dir='ltr'><strong>eo</strong></span> <span class='ocrx_word' id='word_1_55' title='bbox 911 855 1000 916; x_wconf 93' lang='lat' dir='ltr'><strong>modo</strong></span> <span class='ocrx_word' id='word_1_56' title='bbox 1025 854 1104 915; x_wconf 93' lang='lat' dir='ltr'><strong>adhi-</strong></span> 
     </span>
     <span class='ocr_line' id='line_1_9' title="bbox 93 943 1105 1024; baseline -0.001 -20"><span class='ocrx_word' id='word_1_57' title='bbox 93 943 189 1006; x_wconf 88' lang='lat' dir='ltr'><strong>bitum</strong></span> <span class='ocrx_word' id='word_1_58' title='bbox 216 962 271 1024; x_wconf 92' lang='lat' dir='ltr'><strong>par</strong></span> <span class='ocrx_word' id='word_1_59' title='bbox 301 946 451 1023; x_wconf 91' lang='lat' dir='ltr'><strong>praestitit</strong></span> <span class='ocrx_word' id='word_1_60' title='bbox 477 943 663 1005; x_wconf 91' lang='lat' dir='ltr'><strong>beneficium.</strong></span> <span class='ocrx_word' id='word_1_61' title='bbox 714 946 745 1004; x_wconf 91' lang='lat' dir='ltr'><strong>in</strong></span> <span class='ocrx_word' id='word_1_62' title='bbox 772 946 846 1023; x_wconf 91' lang='lat' dir='ltr'><strong>ipsis</strong></span> <span class='ocrx_word' id='word_1_63' title='bbox 877 962 948 1005; x_wconf 85' lang='lat' dir='ltr'><strong>vero</strong></span> <span class='ocrx_word' id='word_1_64' title='bbox 977 961 1105 1004; x_wconf 88' lang='lat' dir='ltr'><strong>commo·</strong></span> 
     </span>
     <span class='ocr_line' id='line_1_10' title="bbox 94 1031 1104 1114; baseline -0.002 -21"><span class='ocrx_word' id='word_1_65' title='bbox 94 1033 236 1114; x_wconf 89' lang='lat' dir='ltr'><strong>tionibus,</strong></span> <span class='ocrx_word' id='word_1_66' title='bbox 260 1035 286 1093; x_wconf 92' lang='lat' dir='ltr'><strong>si</strong></span> <span class='ocrx_word' id='word_1_67' title='bbox 309 1034 482 1111; x_wconf 86' lang='lat' dir='ltr'><strong>sanguinem</strong></span> <span class='ocrx_word' id='word_1_68' title='bbox 506 1032 543 1094; x_wconf 93' lang='lat' dir='ltr'><strong>de</strong></span> <span class='ocrx_word' id='word_1_69' title='bbox 566 1035 631 1094; x_wconf 92' lang='lat' dir='ltr'><strong>eius</strong></span> <span class='ocrx_word' id='word_1_70' title='bbox 654 1032 764 1112; x_wconf 91' lang='lat' dir='ltr'><strong>pedum</strong></span> <span class='ocrx_word' id='word_1_71' title='bbox 782 1033 883 1111; x_wconf 82' lang='lat' dir='ltr'><strong>digitis</strong></span> <span class='ocrx_word' id='word_1_72' title='bbox 907 1031 1010 1094; x_wconf 89' lang='lat' dir='ltr'><strong>elicias</strong></span> <span class='ocrx_word' id='word_1_73' title='bbox 1034 1050 1104 1111; x_wconf 86' lang='lat' dir='ltr'><strong>quo-</strong></span> 
     </span>
    </p>

    <p class='ocr_par' dir='ltr' id='par_1_5' title="bbox 55 1119 1105 1289">
     <span class='ocr_line' id='line_1_11' title="bbox 55 1119 1105 1203; baseline -0.001 -21"><span class='ocrx_word' id='word_1_74' title='bbox 55 1133 81 1174; x_wconf 82' lang='lat'><strong>10</strong></span> <span class='ocrx_word' id='word_1_75' title='bbox 96 1141 154 1200; x_wconf 90' lang='lat' dir='ltr'><strong>quo</strong></span> <span class='ocrx_word' id='word_1_76' title='bbox 173 1129 268 1203; x_wconf 88' lang='lat' dir='ltr'><strong>pacto,</strong></span> <span class='ocrx_word' id='word_1_77' title='bbox 291 1128 322 1182; x_wconf 88' lang='lat' dir='ltr'><strong>et</strong></span> <span class='ocrx_word' id='word_1_78' title='bbox 339 1124 404 1182; x_wconf 92' lang='lat' dir='ltr'><strong>eius</strong></span> <span class='ocrx_word' id='word_1_79' title='bbox 423 1122 551 1182; x_wconf 86' lang='lat' dir='ltr'><strong>frontem</strong></span> <span class='ocrx_word' id='word_1_80' title='bbox 569 1140 606 1182; x_wconf 82' lang='lat' dir='ltr'><strong>ex</strong></span> <span class='ocrx_word' id='word_1_81' title='bbox 624 1138 660 1181; x_wconf 95' lang='lat' dir='ltr'><strong>eo</strong></span> <span class='ocrx_word' id='word_1_82' title='bbox 679 1129 782 1199; x_wconf 84' lang='lat' dir='ltr'><strong>tangas</strong></span> <span class='ocrx_word' id='word_1_83' title='bbox 805 1128 836 1182; x_wconf 88' lang='lat' dir='ltr'><strong>et</strong></span> <span class='ocrx_word' id='word_1_84' title='bbox 852 1119 940 1202; x_wconf 82' lang='lat' dir='ltr'><strong>labia,</strong></span> <span class='ocrx_word' id='word_1_85' title='bbox 962 1123 1105 1181; x_wconf 89' lang='lat' dir='ltr'><strong>continuo</strong></span> 
     </span>
     <span class='ocr_line' id='line_1_12' title="bbox 95 1209 994 1289; baseline -0.001 -18"><span class='ocrx_word' id='word_1_86' title='bbox 95 1218 243 1289; x_wconf 86' lang='lat' dir='ltr'><strong>exsurget.</strong></span> <span class='ocrx_word' id='word_1_87' title='bbox 288 1217 360 1271; x_wconf 89' lang='lat' dir='ltr'><strong>tunc</strong></span> <span class='ocrx_word' id='word_1_88' title='bbox 383 1213 472 1271; x_wconf 88' lang='lat' dir='ltr'><strong>etiam</strong></span> <span class='ocrx_word' id='word_1_89' title='bbox 495 1212 572 1271; x_wconf 88' lang='lat' dir='ltr'><strong>asini</strong></span> <span class='ocrx_word' id='word_1_90' title='bbox 594 1209 665 1270; x_wconf 93' lang='lat' dir='ltr'><strong>lotio</strong></span> <span class='ocrx_word' id='word_1_91' title='bbox 689 1212 807 1288; x_wconf 89' lang='lat' dir='ltr'><strong>aspergi</strong></span> <span class='ocrx_word' id='word_1_92' title='bbox 829 1211 994 1270; x_wconf 82' lang='lat' dir='ltr'><strong>conveniet.</strong></span> 
     </span>
    </p>

    <p class='ocr_par' dir='ltr' id='par_1_6' title="bbox 63 1295 1106 1557">
     <span class='ocr_line' id='line_1_13' title="bbox 63 1295 1106 1380; baseline 0 -22"><span class='ocrx_word' id='word_1_93' title='bbox 63 1295 82 1358; x_wconf 84' lang='lat' dir='ltr'><strong>&#39;l</strong></span> <span class='ocrx_word' id='word_1_94' title='bbox 183 1299 257 1359; x_wconf 94' lang='lat' dir='ltr'><strong>addo</strong></span> <span class='ocrx_word' id='word_1_95' title='bbox 286 1301 413 1380; x_wconf 87' lang='lat' dir='ltr'><strong>interea,</strong></span> <span class='ocrx_word' id='word_1_96' title='bbox 436 1299 514 1378; x_wconf 89' lang='lat' dir='ltr'><strong>quod</strong></span> <span class='ocrx_word' id='word_1_97' title='bbox 537 1298 587 1360; x_wconf 94' lang='lat' dir='ltr'><strong>ille</strong></span> <span class='ocrx_word' id='word_1_98' title='bbox 611 1301 653 1359; x_wconf 88' lang='lat' dir='ltr'><strong>ait</strong></span> <span class='ocrx_word' id='word_1_99' title='bbox 675 1300 701 1358; x_wconf 93' lang='lat' dir='ltr'><strong>si</strong></span> <span class='ocrx_word' id='word_1_100' title='bbox 727 1298 802 1359; x_wconf 93' lang='lat' dir='ltr'><strong>mihi</strong></span> <span class='ocrx_word' id='word_1_101' title='bbox 823 1298 867 1359; x_wconf 87' lang='lat' dir='ltr'><strong>sas</strong></span> <span class='ocrx_word' id='word_1_102' title='bbox 891 1298 992 1359; x_wconf 89' lang='lat' dir='ltr'><strong>audita</strong></span> <span class='ocrx_word' id='word_1_103' title='bbox 1016 1297 1106 1377; x_wconf 85' lang='lat' dir='ltr'><strong>loqui,</strong></span> 
     </span>
     <span class='ocr_line' id='line_1_14' title="bbox 94 1386 1105 1467; baseline -0.001 -20"><span class='ocrx_word' id='word_1_104' title='bbox 94 1388 172 1466; x_wconf 89' lang='lat' dir='ltr'><strong>quod</strong></span> <span class='ocrx_word' id='word_1_105' title='bbox 201 1391 364 1449; x_wconf 91' lang='lat' dir='ltr'><strong>necessitas</strong></span> <span class='ocrx_word' id='word_1_106' title='bbox 391 1387 594 1467; x_wconf 84' lang='lat' dir='ltr'><strong>procurandae</strong></span> <span class='ocrx_word' id='word_1_107' title='bbox 628 1389 761 1447; x_wconf 88' lang='lat' dir='ltr'><strong>sanitatis</strong></span> <span class='ocrx_word' id='word_1_108' title='bbox 794 1394 967 1467; x_wconf 82' lang='lat' dir='ltr'><strong>extorquet,</strong></span> <span class='ocrx_word' id='word_1_109' title='bbox 1001 1386 1105 1448; x_wconf 92' lang='lat' dir='ltr'><strong>eodem</strong></span> 
     </span>
     <span class='ocr_line' id='line_1_15' title="bbox 93 1475 1105 1557; baseline 0 -22"><span class='ocrx_word' id='word_1_110' title='bbox 93 1475 165 1536; x_wconf 95' lang='lat' dir='ltr'><strong>lotio</strong></span> <span class='ocrx_word' id='word_1_111' title='bbox 193 1478 270 1537; x_wconf 90' lang='lat' dir='ltr'><strong>asini</strong></span> <span class='ocrx_word' id='word_1_112' title='bbox 300 1479 398 1555; x_wconf 89' lang='lat' dir='ltr'><strong>potari</strong></span> <span class='ocrx_word' id='word_1_113' title='bbox 425 1494 475 1537; x_wconf 91' lang='lat' dir='ltr'><strong>eos</strong></span> <span class='ocrx_word' id='word_1_114' title='bbox 498 1475 622 1557; x_wconf 86' lang='lat' dir='ltr'><strong>debere,</strong></span> <span class='ocrx_word' id='word_1_115' title='bbox 652 1482 683 1536; x_wconf 89' lang='lat' dir='ltr'><strong>et</strong></span> <span class='ocrx_word' id='word_1_116' title='bbox 708 1475 901 1536; x_wconf 92' lang='lat' dir='ltr'><strong>hirundinum</strong></span> <span class='ocrx_word' id='word_1_117' title='bbox 929 1478 1105 1554; x_wconf 89' lang='lat' dir='ltr'><strong>sanguinem</strong></span> 
     </span>
    </p>

    <p class='ocr_par' dir='ltr' id='par_1_7' title="bbox 52 1563 1104 2000">
     <span class='ocr_line' id='line_1_16' title="bbox 52 1563 1104 1644; baseline -0.002 -18"><span class='ocrx_word' id='word_1_118' title='bbox 52 1575 80 1614; x_wconf 84' lang='lat'><strong>¹⁵</strong></span> <span class='ocrx_word' id='word_1_119' title='bbox 94 1584 161 1626; x_wconf 85' lang='lat' dir='ltr'><strong>eum</strong></span> <span class='ocrx_word' id='word_1_120' title='bbox 188 1568 264 1626; x_wconf 87' lang='lat' dir='ltr'><strong>turis</strong></span> <span class='ocrx_word' id='word_1_121' title='bbox 291 1564 416 1626; x_wconf 85' lang='lat' dir='ltr'><strong>maseuli</strong></span> <span class='ocrx_word' id='word_1_122' title='bbox 441 1565 563 1644; x_wconf 85' lang='lat' dir='ltr'><strong>pulvere</strong></span> <span class='ocrx_word' id='word_1_123' title='bbox 590 1582 683 1644; x_wconf 89' lang='lat' dir='ltr'><strong>aequa</strong></span> <span class='ocrx_word' id='word_1_124' title='bbox 711 1563 766 1624; x_wconf 93' lang='lat' dir='ltr'><strong>sub</strong></span> <span class='ocrx_word' id='word_1_125' title='bbox 794 1563 1010 1643; x_wconf 89' lang='lat' dir='ltr'><strong>ponderatione</strong></span> <span class='ocrx_word' id='word_1_126' title='bbox 1038 1581 1104 1624; x_wconf 93' lang='lat' dir='ltr'><strong>cum</strong></span> 
     </span>
     <span class='ocr_line' id='line_1_17' title="bbox 93 1651 1104 1734; baseline -0.002 -20"><span class='ocrx_word' id='word_1_127' title='bbox 93 1654 221 1734; x_wconf 73' lang='lat' dir='ltr'><strong>oxymeli</strong></span> <span class='ocrx_word' id='word_1_128' title='bbox 248 1653 387 1714; x_wconf 88' lang='lat' dir='ltr'><strong>similiter</strong></span> <span class='ocrx_word' id='word_1_129' title='bbox 415 1671 540 1715; x_wconf 90' lang='lat' dir='ltr'><strong>sumere.</strong></span> <span class='ocrx_word' id='word_1_130' title='bbox 580 1656 623 1714; x_wconf 90' lang='lat' dir='ltr'><strong>sic</strong></span> <span class='ocrx_word' id='word_1_131' title='bbox 655 1652 705 1714; x_wconf 92' lang='lat' dir='ltr'><strong>alii</strong></span> <span class='ocrx_word' id='word_1_132' title='bbox 737 1655 899 1713; x_wconf 82' lang='lat' dir='ltr'><strong>veteriores</strong></span> <span class='ocrx_word' id='word_1_133' title='bbox 933 1651 990 1713; x_wconf 89' lang='lat' dir='ltr'><strong>sub</strong></span> <span class='ocrx_word' id='word_1_134' title='bbox 1008 1660 1104 1713; x_wconf 73' lang='lat' dir='ltr'><strong>&#39;certo</strong></span> 
     </span>
     <span class='ocr_line' id='line_1_18' title="bbox 93 1740 1104 1823; baseline -0.002 -20"><span class='ocrx_word' id='word_1_135' title='bbox 93 1750 208 1803; x_wconf 86' lang='lat' dir='ltr'><strong>secreto</strong></span> <span class='ocrx_word' id='word_1_136' title='bbox 232 1750 354 1807; x_wconf 89' lang='lat' dir='ltr'><strong>naturae</strong></span> <span class='ocrx_word' id='word_1_137' title='bbox 374 1750 497 1823; x_wconf 84' lang='lat' dir='ltr'><strong>excepto</strong></span> <span class='ocrx_word' id='word_1_138' title='bbox 517 1745 612 1823; x_wconf 87' lang='lat' dir='ltr'><strong>capite</strong></span> <span class='ocrx_word' id='word_1_139' title='bbox 631 1740 805 1821; x_wconf 90' lang='lat' dir='ltr'><strong>etpedibus</strong></span> <span class='ocrx_word' id='word_1_140' title='bbox 824 1748 939 1801; x_wconf 87' lang='lat' dir='ltr'><strong>ceteras</strong></span> <span class='ocrx_word' id='word_1_141' title='bbox 960 1740 1104 1803; x_wconf 91' lang='lat' dir='ltr'><strong>mustelae</strong></span> 
     </span>
     <span class='ocr_line' id='line_1_19' title="bbox 92 1828 1104 1912; baseline -0.001 -21"><span class='ocrx_word' id='word_1_142' title='bbox 92 1831 287 1911; x_wconf 91' lang='lat' dir='ltr'><strong>reliquiarum</strong></span> <span class='ocrx_word' id='word_1_143' title='bbox 300 1840 401 1911; x_wconf 89' lang='lat' dir='ltr'><strong>partes</strong></span> <span class='ocrx_word' id='word_1_144' title='bbox 420 1834 553 1912; x_wconf 88' lang='lat' dir='ltr'><strong>corporis</strong></span> <span class='ocrx_word' id='word_1_145' title='bbox 572 1830 752 1910; x_wconf 85' lang='lat' dir='ltr'><strong>obtulerunt,</strong></span> <span class='ocrx_word' id='word_1_146' title='bbox 775 1849 811 1890; x_wconf 83' lang='lat' dir='ltr'><strong>ex</strong></span> <span class='ocrx_word' id='word_1_147' title='bbox 830 1831 914 1891; x_wconf 89' lang='lat' dir='ltr'><strong>euius</strong></span> <span class='ocrx_word' id='word_1_148' title='bbox 934 1829 996 1890; x_wconf 88' lang='lat' dir='ltr'><strong>cibi</strong></span> <span class='ocrx_word' id='word_1_149' title='bbox 1014 1828 1104 1890; x_wconf 91' lang='lat' dir='ltr'><strong>bene·</strong></span> 
     </span>
     <span class='ocr_line' id='line_1_20' title="bbox 92 1917 1103 2000; baseline -0.002 -20"><span class='ocrx_word' id='word_1_150' title='bbox 92 1921 160 1981; x_wconf 79' lang='lat' dir='ltr'><strong>licio</strong></span> <span class='ocrx_word' id='word_1_151' title='bbox 178 1920 344 1981; x_wconf 91' lang='lat' dir='ltr'><strong>molestiam</strong></span> <span class='ocrx_word' id='word_1_152' title='bbox 361 1923 509 2000; x_wconf 91' lang='lat' dir='ltr'><strong>passionis</strong></span> <span class='ocrx_word' id='word_1_153' title='bbox 528 1921 768 1999; x_wconf 78' lang='lat' dir='ltr'><strong>frequentissime</strong></span> <span class='ocrx_word' id='word_1_154' title='bbox 787 1917 983 1979; x_wconf 83' lang='lat' dir='ltr'><strong>declinarunt</strong></span> <span class='ocrx_word' id='word_1_155' title='bbox 1016 1919 1103 1979; x_wconf 91' lang='lat' dir='ltr'><strong>aliud.</strong></span> 
     </span>
    </p>

    <p class='ocr_par' dir='ltr' id='par_1_8' title="bbox 31 2003 1103 2524">
     <span class='ocr_line' id='line_1_21' title="bbox 51 2003 1103 2070; baseline -0.002 -2"><span class='ocrx_word' id='word_1_156' title='bbox 51 2020 78 2060; x_wconf 77' lang='lat'><strong>2⁰</strong></span> <span class='ocrx_word' id='word_1_157' title='bbox 91 2008 187 2070; x_wconf 90' lang='lat' dir='ltr'><strong>mulsa</strong></span> <span class='ocrx_word' id='word_1_158' title='bbox 210 2012 272 2069; x_wconf 89' lang='lat' dir='ltr'><strong>vini</strong></span> <span class='ocrx_word' id='word_1_159' title='bbox 291 2011 351 2070; x_wconf 91' lang='lat' dir='ltr'><strong>acri</strong></span> <span class='ocrx_word' id='word_1_160' title='bbox 370 2009 452 2070; x_wconf 92' lang='lat' dir='ltr'><strong>horis</strong></span> <span class='ocrx_word' id='word_1_161' title='bbox 471 2003 624 2069; x_wconf 83' lang='lat' dir='ltr'><strong>matutinis</strong></span> <span class='ocrx_word' id='word_1_162' title='bbox 643 2008 710 2067; x_wconf 91' lang='lat' dir='ltr'><strong>data</strong></span> <span class='ocrx_word' id='word_1_163' title='bbox 731 2006 836 2068; x_wconf 90' lang='lat' dir='ltr'><strong>diebus</strong></span> <span class='ocrx_word' id='word_1_164' title='bbox 853 2005 933 2066; x_wconf 89' lang='lat' dir='ltr'><strong>XXX</strong></span> <span class='ocrx_word' id='word_1_165' title='bbox 952 2009 1103 2069; x_wconf 90' lang='lat' dir='ltr'><strong>continuis</strong></span> 
     </span>
     <span class='ocr_line' id='line_1_22' title="bbox 31 2095 1103 2177; baseline -0.002 -19"><span class='ocrx_word' id='word_1_166' title='bbox 31 2104 32 2108; x_wconf 77' lang='grc'>’</span> <span class='ocrx_word' id='word_1_167' title='bbox 91 2099 276 2177; x_wconf 84' lang='lat' dir='ltr'><strong>profuerunt.</strong></span> <span class='ocrx_word' id='word_1_168' title='bbox 317 2099 382 2177; x_wconf 92' lang='lat' dir='ltr'><strong>pari</strong></span> <span class='ocrx_word' id='word_1_169' title='bbox 400 2097 494 2157; x_wconf 81' lang='lat' dir='ltr'><strong>forma</strong></span> <span class='ocrx_word' id='word_1_170' title='bbox 518 2098 609 2156; x_wconf 92' lang='lat' dir='ltr'><strong>etiam</strong></span> <span class='ocrx_word' id='word_1_171' title='bbox 632 2115 668 2156; x_wconf 82' lang='lat' dir='ltr'><strong>ex</strong></span> <span class='ocrx_word' id='word_1_172' title='bbox 691 2103 767 2156; x_wconf 87' lang='lat' dir='ltr'><strong>testa</strong></span> <span class='ocrx_word' id='word_1_173' title='bbox 790 2095 906 2156; x_wconf 87' lang='lat' dir='ltr'><strong>cerebri</strong></span> <span class='ocrx_word' id='word_1_174' title='bbox 928 2098 1005 2158; x_wconf 90' lang='lat' dir='ltr'><strong>asini</strong></span> <span class='ocrx_word' id='word_1_175' title='bbox 1025 2114 1103 2158; x_wconf 89' lang='lat' dir='ltr'><strong>com-</strong></span> 
     </span>
     <span class='ocr_line' id='line_1_23' title="bbox 90 2183 1102 2266; baseline -0.001 -20"><span class='ocrx_word' id='word_1_176' title='bbox 90 2184 179 2248; x_wconf 92' lang='lat' dir='ltr'><strong>busta</strong></span> <span class='ocrx_word' id='word_1_177' title='bbox 201 2188 278 2247; x_wconf 83' lang='lat' dir='ltr'><strong>einis&#39;</strong></span> <span class='ocrx_word' id='word_1_178' title='bbox 295 2187 381 2247; x_wconf 89' lang='lat' dir='ltr'><strong>datus</strong></span> <span class='ocrx_word' id='word_1_179' title='bbox 399 2186 519 2266; x_wconf 87' lang='lat' dir='ltr'><strong>proluit.</strong></span> <span class='ocrx_word' id='word_1_180' title='bbox 561 2186 604 2245; x_wconf 91' lang='lat' dir='ltr'><strong>sie</strong></span> <span class='ocrx_word' id='word_1_181' title='bbox 623 2183 753 2245; x_wconf 88' lang='lat' dir='ltr'><strong>althaeae</strong></span> <span class='ocrx_word' id='word_1_182' title='bbox 769 2202 865 2264; x_wconf 75' lang='lat' dir='ltr'><strong>suone,</strong></span> <span class='ocrx_word' id='word_1_183' title='bbox 884 2186 928 2244; x_wconf 89' lang='lat' dir='ltr'><strong>sic</strong></span> <span class='ocrx_word' id='word_1_184' title='bbox 947 2184 1102 2263; x_wconf 85' lang='lat' dir='ltr'><strong>coagulum</strong></span> 
     </span>
     <span class='ocr_line' id='line_1_24' title="bbox 91 2271 1101 2355; baseline 0 -21"><span class='ocrx_word' id='word_1_185' title='bbox 91 2274 202 2355; x_wconf 91' lang='lat' dir='ltr'><strong>leporis</strong></span> <span class='ocrx_word' id='word_1_186' title='bbox 225 2278 257 2335; x_wconf 92' lang='lat' dir='ltr'><strong>in</strong></span> <span class='ocrx_word' id='word_1_187' title='bbox 283 2275 404 2335; x_wconf 89' lang='lat' dir='ltr'><strong>modum</strong></span> <span class='ocrx_word' id='word_1_188' title='bbox 433 2276 517 2352; x_wconf 88' lang='lat' dir='ltr'><strong>grani</strong></span> <span class='ocrx_word' id='word_1_189' title='bbox 545 2275 609 2332; x_wconf 85' lang='lat' dir='ltr'><strong>ervi</strong></span> <span class='ocrx_word' id='word_1_190' title='bbox 634 2291 689 2352; x_wconf 90' lang='lat' dir='ltr'><strong>per</strong></span> <span class='ocrx_word' id='word_1_191' title='bbox 712 2273 775 2332; x_wconf 91' lang='lat' dir='ltr'><strong>dies</strong></span> <span class='ocrx_word' id='word_1_192' title='bbox 798 2271 878 2332; x_wconf 90' lang='lat' dir='ltr'><strong>XXX</strong></span> <span class='ocrx_word' id='word_1_193' title='bbox 900 2274 1101 2334; x_wconf 91' lang='lat' dir='ltr'><strong>ministratum</strong></span> 
     </span>
     <span class='ocr_line' id='line_1_25' title="bbox 90 2360 1102 2441; baseline -0.003 -17"><span class='ocrx_word' id='word_1_194' title='bbox 90 2363 173 2424; x_wconf 93' lang='lat' dir='ltr'><strong>horis</strong></span> <span class='ocrx_word' id='word_1_195' title='bbox 196 2364 350 2424; x_wconf 89' lang='lat' dir='ltr'><strong>matutinis</strong></span> <span class='ocrx_word' id='word_1_196' title='bbox 369 2361 574 2441; x_wconf 90' lang='lat' dir='ltr'><strong>epilempticos</strong></span> <span class='ocrx_word' id='word_1_197' title='bbox 597 2360 740 2421; x_wconf 83' lang='lat' dir='ltr'><strong>liberavit.</strong></span> <span class='ocrx_word' id='word_1_198' title='bbox 781 2380 849 2421; x_wconf 91' lang='lat' dir='ltr'><strong>nam</strong></span> <span class='ocrx_word' id='word_1_199' title='bbox 873 2368 903 2421; x_wconf 91' lang='lat' dir='ltr'><strong>et</strong></span> <span class='ocrx_word' id='word_1_200' title='bbox 925 2361 1102 2423; x_wconf 88' lang='lat' dir='ltr'><strong>mulieribus</strong></span> 
     </span>
     <span class='ocr_line' id='line_1_26' title="bbox 50 2448 1039 2524; baseline 0.002 -14"><span class='ocrx_word' id='word_1_201' title='bbox 50 2463 77 2504; x_wconf 77' lang='lat'><strong>2⁶</strong></span> <span class='ocrx_word' id='word_1_202' title='bbox 90 2450 346 2512; x_wconf 88' lang='lat' dir='ltr'><strong>menstruantibus</strong></span> <span class='ocrx_word' id='word_1_203' title='bbox 360 2450 425 2510; x_wconf 87' lang='lat' dir='ltr'><strong>hoc</strong></span> <span class='ocrx_word' id='word_1_204' title='bbox 447 2452 519 2510; x_wconf 88' lang='lat' dir='ltr'><strong>vitio</strong></span> <span class='ocrx_word' id='word_1_205' title='bbox 543 2448 744 2524; x_wconf 90' lang='lat' dir='ltr'><strong>laborantibus</strong></span> <span class='ocrx_word' id='word_1_206' title='bbox 768 2452 848 2511; x_wconf 82' lang='lat' dir='ltr'><strong>coire</strong></span> <span class='ocrx_word' id='word_1_207' title='bbox 872 2453 1039 2512; x_wconf 81' lang='lat' dir='ltr'><strong>conveniet.</strong></span> 
     </span>
    </p>
   </div>
   <div class='ocr_carea' id='block_1_3' title="bbox 70 2672 1106 3600">
    <p class='ocr_par' dir='ltr' id='par_1_9' title="bbox 86 2672 1102 3030">
     <span class='ocr_line' id='line_1_27' title="bbox 162 2672 1102 2743; baseline 0.005 -17"><span class='ocrx_word' id='word_1_208' title='bbox 162 2679 176 2726; x_wconf 93' lang='lat'>1</span> <span class='ocrx_word' id='word_1_209' title='bbox 188 2672 225 2729; x_wconf 83' lang='lat' dir='ltr'><strong>si:</strong></span> <span class='ocrx_word' id='word_1_210' title='bbox 235 2673 276 2727; x_wconf 84' lang='lat' dir='ltr'><strong>sic</strong></span> <span class='ocrx_word' id='word_1_211' title='bbox 286 2673 321 2728; x_wconf 90' lang='lat' dir='ltr'><strong>B.</strong></span> <span class='ocrx_word' id='word_1_212' title='bbox 378 2672 508 2729; x_wconf 84' lang='lat' dir='ltr'><strong>excorio:</strong></span> <span class='ocrx_word' id='word_1_213' title='bbox 519 2675 553 2742; x_wconf 78' lang='lat' dir='ltr'><strong>of.</strong></span> <span class='ocrx_word' id='word_1_214' title='bbox 563 2673 730 2743; x_wconf 53' lang='grc'>1111114184.</span> <span class='ocrx_word' id='word_1_215' title='bbox 794 2679 811 2727; x_wconf 84' lang='lat'>4</span> <span class='ocrx_word' id='word_1_216' title='bbox 825 2690 899 2743; x_wconf 87' lang='lat' dir='ltr'><strong>capr.</strong></span> <span class='ocrx_word' id='word_1_217' title='bbox 915 2690 1014 2728; x_wconf 83' lang='lat' dir='ltr'><strong>cernes</strong></span> <span class='ocrx_word' id='word_1_218' title='bbox 1023 2676 1102 2731; x_wconf 80' lang='lat' dir='ltr'><strong>habet</strong></span> 
     </span>
     <span class='ocr_line' id='line_1_28' title="bbox 88 2743 1100 2816; baseline 0.002 -16"><span class='ocrx_word' id='word_1_219' title='bbox 88 2746 171 2816; x_wconf 78' lang='lat' dir='ltr'><strong>etium</strong></span> <span class='ocrx_word' id='word_1_220' title='bbox 180 2744 391 2812; x_wconf 76' lang='lat' dir='ltr'><strong>Pito.·ae,226.</strong></span> <span class='ocrx_word' id='word_1_221' title='bbox 446 2743 595 2814; x_wconf 75' lang='lat' dir='ltr'><strong>otimpora</strong></span> <span class='ocrx_word' id='word_1_222' title='bbox 601 2744 636 2799; x_wconf 88' lang='grc' dir='ltr'><strong>Β.</strong></span> <span class='ocrx_word' id='word_1_223' title='bbox 680 2750 695 2799; x_wconf 81' lang='grc'>7</span> <span class='ocrx_word' id='word_1_224' title='bbox 707 2761 738 2798; x_wconf 90' lang='lat' dir='ltr'><strong>eo</strong></span> <span class='ocrx_word' id='word_1_225' title='bbox 748 2745 831 2799; x_wconf 90' lang='lat' dir='ltr'><strong>modo</strong></span> <span class='ocrx_word' id='word_1_226' title='bbox 842 2748 885 2814; x_wconf 82' lang='lat' dir='ltr'><strong>(sc.</strong></span> <span class='ocrx_word' id='word_1_227' title='bbox 896 2762 948 2814; x_wconf 75' lang='lat' dir='ltr'><strong>quo</strong></span> <span class='ocrx_word' id='word_1_228' title='bbox 958 2747 1100 2816; x_wconf 63' lang='lat' dir='ltr'><strong>sopcoffl:</strong></span> 
     </span>
     <span class='ocr_line' id='line_1_29' title="bbox 88 2815 1100 2887; baseline 0.003 -17"><span class='ocrx_word' id='word_1_229' title='bbox 88 2815 233 2871; x_wconf 88' lang='lat' dir='ltr'><strong>commode</strong></span> <span class='ocrx_word' id='word_1_230' title='bbox 251 2816 324 2874; x_wconf 80' lang='lat' dir='ltr'><strong>Neu.</strong></span> <span class='ocrx_word' id='word_1_231' title='bbox 450 2822 466 2870; x_wconf 86' lang='grc'>9</span> <span class='ocrx_word' id='word_1_232' title='bbox 484 2816 520 2870; x_wconf 90' lang='lat' dir='ltr'><strong>de</strong></span> <span class='ocrx_word' id='word_1_233' title='bbox 539 2815 598 2870; x_wconf 88' lang='lat' dir='ltr'><strong>eius</strong></span> <span class='ocrx_word' id='word_1_234' title='bbox 617 2818 649 2871; x_wconf 79' lang='lat' dir='ltr'><strong>iu</strong></span> <span class='ocrx_word' id='word_1_235' title='bbox 666 2833 721 2871; x_wconf 82' lang='lat' dir='ltr'><strong>coa.</strong></span> <span class='ocrx_word' id='word_1_236' title='bbox 740 2817 776 2871; x_wconf 90' lang='lat' dir='ltr'><strong>B.</strong></span> <span class='ocrx_word' id='word_1_237' title='bbox 800 2823 847 2872; x_wconf 83' lang='lat' dir='ltr'><strong>cet.</strong></span> <span class='ocrx_word' id='word_1_238' title='bbox 866 2817 901 2883; x_wconf 83' lang='lat' dir='ltr'><strong>cf.</strong></span> <span class='ocrx_word' id='word_1_239' title='bbox 920 2816 1001 2872; x_wconf 78' lang='lat' dir='ltr'><strong>Alex.</strong></span> <span class='ocrx_word' id='word_1_240' title='bbox 1018 2835 1048 2887; x_wconf 77' lang='lat' dir='ltr'><strong>p.</strong></span> <span class='ocrx_word' id='word_1_241' title='bbox 1064 2822 1100 2873; x_wconf 85' lang='lat'><strong>79</strong></span> 
     </span>
     <span class='ocr_line' id='line_1_30' title="bbox 89 2885 1099 2961; baseline 0.003 -19"><span class='ocrx_word' id='word_1_242' title='bbox 89 2888 176 2956; x_wconf 79' lang='lat' dir='ltr'><strong>(Ptin.</strong></span> <span class='ocrx_word' id='word_1_243' title='bbox 190 2892 238 2956; x_wconf 78' lang='lat'><strong>28,</strong></span> <span class='ocrx_word' id='word_1_244' title='bbox 256 2889 311 2958; x_wconf 78' lang='lat'><strong>43).</strong></span> <span class='ocrx_word' id='word_1_245' title='bbox 406 2892 438 2942; x_wconf 90' lang='grc'><strong>11</strong></span> <span class='ocrx_word' id='word_1_246' title='bbox 458 2887 567 2954; x_wconf 79' lang='lat' dir='ltr'><strong>exurgit</strong></span> <span class='ocrx_word' id='word_1_247' title='bbox 584 2887 612 2942; x_wconf 87' lang='grc' dir='ltr'><strong>Β</strong></span> <span class='ocrx_word' id='word_1_248' title='bbox 626 2887 727 2957; x_wconf 75' lang='lat' dir='ltr'><strong>(Neu).</strong></span> <span class='ocrx_word' id='word_1_249' title='bbox 820 2893 852 2942; x_wconf 81' lang='lat'><strong>12</strong></span> <span class='ocrx_word' id='word_1_250' title='bbox 866 2885 920 2940; x_wconf 78' lang='lat' dir='ltr'><strong>ille</strong></span> <span class='ocrx_word' id='word_1_251' title='bbox 938 2904 975 2943; x_wconf 84' lang='lat' dir='ltr'><strong>eo.</strong></span> <span class='ocrx_word' id='word_1_252' title='bbox 999 2888 1099 2961; x_wconf 73' lang='lat' dir='ltr'><strong>Vespil.</strong></span> 
     </span>
     <span class='ocr_line' id='line_1_31' title="bbox 86 2957 1028 3030; baseline 0 -16"><span class='ocrx_word' id='word_1_253' title='bbox 86 2962 158 3014; x_wconf 78' lang='lat' dir='ltr'><strong>Aen.</strong></span> <span class='ocrx_word' id='word_1_254' title='bbox 174 2963 202 3027; x_wconf 85' lang='lat'><strong>6,</strong></span> <span class='ocrx_word' id='word_1_255' title='bbox 214 2964 270 3016; x_wconf 78' lang='lat'><strong>266</strong></span> <span class='ocrx_word' id='word_1_256' title='bbox 285 2958 333 3027; x_wconf 86' lang='lat' dir='ltr'><strong>(sit</strong></span> <span class='ocrx_word' id='word_1_257' title='bbox 350 2957 421 3013; x_wconf 88' lang='lat' dir='ltr'><strong>mihi</strong></span> <span class='ocrx_word' id='word_1_258' title='bbox 439 2961 506 3029; x_wconf 86' lang='lat' dir='ltr'><strong>eto.).</strong></span> <span class='ocrx_word' id='word_1_259' title='bbox 610 2963 643 3011; x_wconf 88' lang='grc'><strong>14</strong></span> <span class='ocrx_word' id='word_1_260' title='bbox 660 2957 713 3013; x_wconf 85' lang='lat' dir='ltr'><strong>hir.</strong></span> <span class='ocrx_word' id='word_1_261' title='bbox 733 2974 811 3030; x_wconf 80' lang='lat' dir='ltr'><strong>sang.</strong></span> <span class='ocrx_word' id='word_1_262' title='bbox 831 2959 908 3012; x_wconf 78' lang='lat' dir='ltr'><strong>Plt&#39;u.</strong></span> <span class='ocrx_word' id='word_1_263' title='bbox 923 2963 970 3026; x_wconf 88' lang='lat'><strong>30,</strong></span> <span class='ocrx_word' id='word_1_264' title='bbox 982 2964 1028 3015; x_wconf 84' lang='lat'><strong>91.</strong></span> 
     </span>
    </p>

    <p class='ocr_par' dir='ltr' id='par_1_10' title="bbox 70 3028 1106 3600">
     <span class='ocr_line' id='line_1_32' title="bbox 88 3028 1101 3099; baseline 0.001 -16"><span class='ocrx_word' id='word_1_265' title='bbox 88 3035 122 3083; x_wconf 79' lang='lat'><strong>15</strong></span> <span class='ocrx_word' id='word_1_266' title='bbox 141 3045 233 3099; x_wconf 80' lang='lat' dir='ltr'><strong>aeque</strong></span> <span class='ocrx_word' id='word_1_267' title='bbox 251 3029 303 3084; x_wconf 89' lang='lat' dir='ltr'><strong>sub</strong></span> <span class='ocrx_word' id='word_1_268' title='bbox 321 3031 361 3085; x_wconf 86' lang='lat' dir='ltr'><strong>B:</strong></span> <span class='ocrx_word' id='word_1_269' title='bbox 384 3029 436 3084; x_wconf 90' lang='lat' dir='ltr'><strong>sub</strong></span> <span class='ocrx_word' id='word_1_270' title='bbox 456 3045 547 3098; x_wconf 83' lang='lat' dir='ltr'><strong>ecqua</strong></span> <span class='ocrx_word' id='word_1_271' title='bbox 566 3030 634 3085; x_wconf 82' lang='lat' dir='ltr'><strong>Neu.</strong></span> <span class='ocrx_word' id='word_1_272' title='bbox 708 3035 740 3083; x_wconf 86' lang='grc'>16</span> <span class='ocrx_word' id='word_1_273' title='bbox 760 3028 889 3083; x_wconf 83' lang='lat' dir='ltr'><strong>oximelle</strong></span> <span class='ocrx_word' id='word_1_274' title='bbox 907 3029 943 3084; x_wconf 90' lang='lat' dir='ltr'><strong>B.</strong></span> <span class='ocrx_word' id='word_1_275' title='bbox 1018 3037 1051 3085; x_wconf 72' lang='lat'><strong>1⁷</strong></span> <span class='ocrx_word' id='word_1_276' title='bbox 1071 3032 1101 3087; x_wconf 87' lang='lat' dir='ltr'><strong>et</strong></span> 
     </span>
     <span class='ocr_line' id='line_1_33' title="bbox 88 3099 1106 3169; baseline -0.001 -14"><span class='ocrx_word' id='word_1_277' title='bbox 88 3102 129 3156; x_wconf 86' lang='lat' dir='ltr'><strong>B:</strong></span> <span class='ocrx_word' id='word_1_278' title='bbox 149 3117 182 3154; x_wconf 84' lang='lat' dir='ltr'><strong>ae</strong></span> <span class='ocrx_word' id='word_1_279' title='bbox 200 3101 272 3157; x_wconf 83' lang='lat' dir='ltr'><strong>Neu.</strong></span> <span class='ocrx_word' id='word_1_280' title='bbox 385 3101 535 3156; x_wconf 76' lang='lat' dir='ltr'><strong>mustellae</strong></span> <span class='ocrx_word' id='word_1_281' title='bbox 553 3099 736 3169; x_wconf 85' lang='lat' dir='ltr'><strong>reliquiarum</strong></span> <span class='ocrx_word' id='word_1_282' title='bbox 748 3101 788 3155; x_wconf 90' lang='lat' dir='ltr'><strong>B:</strong></span> <span class='ocrx_word' id='word_1_283' title='bbox 807 3099 944 3154; x_wconf 80' lang='lat' dir='ltr'><strong>mustelae</strong></span> <span class='ocrx_word' id='word_1_284' title='bbox 962 3099 1106 3169; x_wconf 41' lang='lat' dir='ltr'><strong>reliquias,</strong></span> 
     </span>
     <span class='ocr_line' id='line_1_34' title="bbox 88 3171 1097 3243; baseline 0.002 -18"><span class='ocrx_word' id='word_1_285' title='bbox 88 3175 174 3241; x_wconf 85' lang='lat' dir='ltr'><strong>etque</strong></span> <span class='ocrx_word' id='word_1_286' title='bbox 192 3173 263 3229; x_wconf 82' lang='lat' dir='ltr'><strong>Neo.</strong></span> <span class='ocrx_word' id='word_1_287' title='bbox 279 3172 426 3243; x_wconf 86' lang='lat' dir='ltr'><strong>(mustelae</strong></span> <span class='ocrx_word' id='word_1_288' title='bbox 444 3172 550 3227; x_wconf 88' lang='lat' dir='ltr'><strong>cineres</strong></span> <span class='ocrx_word' id='word_1_289' title='bbox 564 3173 759 3240; x_wconf 65' lang='lat' dir='ltr'><strong>Ponenda).</strong></span> <span class='ocrx_word' id='word_1_290' title='bbox 779 3173 813 3239; x_wconf 82' lang='lat' dir='ltr'><strong>cs.</strong></span> <span class='ocrx_word' id='word_1_291' title='bbox 835 3171 904 3226; x_wconf 78' lang='lat' dir='ltr'><strong>Cael.</strong></span> <span class='ocrx_word' id='word_1_292' title='bbox 924 3172 1097 3241; x_wconf 77' lang='lat' dir='ltr'><strong>chc.1,128.</strong></span> 
     </span>
     <span class='ocr_line' id='line_1_35' title="bbox 89 3241 1099 3299; baseline 0.001 -4"><span class='ocrx_word' id='word_1_293' title='bbox 89 3249 122 3296; x_wconf 85' lang='lat'><strong>19</strong></span> <span class='ocrx_word' id='word_1_294' title='bbox 142 3243 355 3298; x_wconf 79' lang='lat' dir='ltr'><strong>declinaverunt</strong></span> <span class='ocrx_word' id='word_1_295' title='bbox 372 3244 444 3299; x_wconf 82' lang='lat' dir='ltr'><strong>Neu.</strong></span> <span class='ocrx_word' id='word_1_296' title='bbox 561 3248 595 3296; x_wconf 80' lang='lat'><strong>20</strong></span> <span class='ocrx_word' id='word_1_297' title='bbox 613 3241 705 3296; x_wconf 83' lang='lat' dir='ltr'><strong>mulsa</strong></span> <span class='ocrx_word' id='word_1_298' title='bbox 722 3242 782 3295; x_wconf 85' lang='lat' dir='ltr'><strong>vini</strong></span> <span class='ocrx_word' id='word_1_299' title='bbox 801 3241 1012 3297; x_wconf 77' lang='lat' dir='ltr'><strong>aori2.Multum</strong></span> <span class='ocrx_word' id='word_1_300' title='bbox 1029 3242 1099 3296; x_wconf 80' lang='lat' dir='ltr'><strong>rina</strong></span> 
     </span>
     <span class='ocr_line' id='line_1_36' title="bbox 87 3312 1099 3385; baseline -0.002 -16"><span class='ocrx_word' id='word_1_301' title='bbox 87 3314 164 3379; x_wconf 76' lang='lat' dir='ltr'><strong>aerio.</strong></span> <span class='ocrx_word' id='word_1_302' title='bbox 181 3315 308 3385; x_wconf 65' lang='lat' dir='ltr'><strong>ewino</strong></span> <span class='ocrx_word' id='word_1_303' title='bbox 325 3314 445 3369; x_wconf 89' lang='lat' dir='ltr'><strong>multum</strong></span> <span class='ocrx_word' id='word_1_304' title='bbox 464 3330 488 3368; x_wconf 84' lang='lat' dir='ltr'><strong>a.</strong></span> <span class='ocrx_word' id='word_1_305' title='bbox 508 3314 600 3384; x_wconf 74' lang='lat' dir='ltr'><strong>Neu).</strong></span> <span class='ocrx_word' id='word_1_306' title='bbox 688 3312 808 3384; x_wconf 83' lang='lat' dir='ltr'><strong>triginta</strong></span> <span class='ocrx_word' id='word_1_307' title='bbox 825 3313 896 3368; x_wconf 82' lang='lat' dir='ltr'><strong>Neu.</strong></span> <span class='ocrx_word' id='word_1_308' title='bbox 982 3319 1016 3366; x_wconf 82' lang='grc'>21</span> <span class='ocrx_word' id='word_1_309' title='bbox 1034 3312 1099 3382; x_wconf 84' lang='lat' dir='ltr'><strong>pari</strong></span> 
     </span>
     <span class='ocr_line' id='line_1_37' title="bbox 85 3384 1096 3455; baseline -0.004 -13"><span class='ocrx_word' id='word_1_310' title='bbox 85 3403 121 3442; x_wconf 84' lang='lat' dir='ltr'><strong>ae.</strong></span> <span class='ocrx_word' id='word_1_311' title='bbox 140 3385 226 3441; x_wconf 83' lang='lat' dir='ltr'><strong>mulsi</strong></span> <span class='ocrx_word' id='word_1_312' title='bbox 244 3388 288 3455; x_wconf 81' lang='lat' dir='ltr'><strong>(of.</strong></span> <span class='ocrx_word' id='word_1_313' title='bbox 308 3387 387 3441; x_wconf 78' lang='lat' dir='ltr'><strong>Ptin.</strong></span> <span class='ocrx_word' id='word_1_314' title='bbox 401 3390 448 3454; x_wconf 77' lang='lat'><strong>28,</strong></span> <span class='ocrx_word' id='word_1_315' title='bbox 467 3391 535 3442; x_wconf 79' lang='lat'><strong>225.</strong></span> <span class='ocrx_word' id='word_1_316' title='bbox 554 3387 636 3440; x_wconf 78' lang='lat' dir='ltr'><strong>etiam</strong></span> <span class='ocrx_word' id='word_1_317' title='bbox 653 3384 733 3440; x_wconf 76' lang='lat' dir='ltr'><strong>Aleae.</strong></span> <span class='ocrx_word' id='word_1_318' title='bbox 748 3387 849 3454; x_wconf 63' lang='lat'><strong>1282).</strong></span> <span class='ocrx_word' id='word_1_319' title='bbox 922 3388 956 3451; x_wconf 77' lang='lat'><strong>22</strong></span> <span class='ocrx_word' id='word_1_320' title='bbox 971 3384 1046 3439; x_wconf 83' lang='lat' dir='ltr'><strong>eltee</strong></span> <span class='ocrx_word' id='word_1_321' title='bbox 1060 3385 1096 3438; x_wconf 89' lang='lat' dir='ltr'><strong>B.</strong></span> 
     </span>
     <span class='ocr_line' id='line_1_38' title="bbox 85 3455 1097 3529; baseline -0.001 -18"><span class='ocrx_word' id='word_1_322' title='bbox 85 3473 165 3529; x_wconf 83' lang='lat' dir='ltr'><strong>cong.</strong></span> <span class='ocrx_word' id='word_1_323' title='bbox 179 3457 199 3513; x_wconf 92' lang='lat' dir='ltr'><strong>l.</strong></span> <span class='ocrx_word' id='word_1_324' title='bbox 214 3459 295 3515; x_wconf 82' lang='lat' dir='ltr'><strong>babet</strong></span> <span class='ocrx_word' id='word_1_325' title='bbox 312 3460 395 3513; x_wconf 83' lang='lat' dir='ltr'><strong>ctiam</strong></span> <span class='ocrx_word' id='word_1_326' title='bbox 409 3457 507 3527; x_wconf 79' lang='lat' dir='ltr'><strong>Gorip.</strong></span> <span class='ocrx_word' id='word_1_327' title='bbox 523 3457 539 3511; x_wconf 86' lang='lat' dir='ltr'><strong>l.</strong></span> <span class='ocrx_word' id='word_1_328' title='bbox 554 3473 576 3512; x_wconf 91' lang='lat' dir='ltr'><strong>c.</strong></span> <span class='ocrx_word' id='word_1_329' title='bbox 591 3457 649 3525; x_wconf 76' lang='lat' dir='ltr'><strong>(qut</strong></span> <span class='ocrx_word' id='word_1_330' title='bbox 666 3456 746 3511; x_wconf 79' lang='lat' dir='ltr'><strong>addit</strong></span> <span class='ocrx_word' id='word_1_331' title='bbox 762 3457 907 3527; x_wconf 82' lang='lat' dir='ltr'><strong>expertum</strong></span> <span class='ocrx_word' id='word_1_332' title='bbox 920 3455 981 3524; x_wconf 90' lang='lat' dir='ltr'><strong>est).</strong></span> <span class='ocrx_word' id='word_1_333' title='bbox 1001 3456 1035 3523; x_wconf 83' lang='lat' dir='ltr'><strong>cf.</strong></span> <span class='ocrx_word' id='word_1_334' title='bbox 1051 3455 1097 3510; x_wconf 85' lang='lat' dir='ltr'><strong>Pl.</strong></span> 
     </span>
     <span class='ocr_line' id='line_1_39' title="bbox 70 3525 1097 3600; baseline -0.003 -15"><span class='ocrx_word' id='word_1_335' title='bbox 70 3533 126 3600; x_wconf 66' lang='lat'><strong>28,</strong></span> <span class='ocrx_word' id='word_1_336' title='bbox 139 3534 211 3589; x_wconf 67' lang='lat'><strong>221.</strong></span> <span class='ocrx_word' id='word_1_337' title='bbox 319 3534 353 3584; x_wconf 78' lang='lat'><strong>23</strong></span> <span class='ocrx_word' id='word_1_338' title='bbox 373 3525 444 3592; x_wconf 76' lang='lat' dir='ltr'><strong>erri;</strong></span> <span class='ocrx_word' id='word_1_339' title='bbox 463 3525 542 3583; x_wconf 88' lang='lat' dir='ltr'><strong>orobi</strong></span> <span class='ocrx_word' id='word_1_340' title='bbox 565 3527 631 3583; x_wconf 74' lang='lat' dir='ltr'><strong>Gor.</strong></span> <span class='ocrx_word' id='word_1_341' title='bbox 753 3531 787 3580; x_wconf 78' lang='lat'><strong>25</strong></span> <span class='ocrx_word' id='word_1_342' title='bbox 803 3525 973 3596; x_wconf 60' lang='lat' dir='ltr'><strong>deotmot</strong></span> <span class='ocrx_word' id='word_1_343' title='bbox 990 3527 1097 3582; x_wconf 77' lang='lat' dir='ltr'><strong>diuerso</strong></span> 
     </span>
    </p>
   </div>
   <div class='ocr_carea' id='block_1_4' title="bbox 0 0 1148 3878">
    <p class='ocr_par' dir='ltr' id='par_1_11' title="bbox 0 0 1148 3878">
     <span class='ocr_line' id='line_1_40' title="bbox 0 0 1148 3878; baseline 0 2"><span class='ocrx_word' id='word_1_344' title='bbox 0 0 1148 3878; x_wconf 95' lang='lat' dir='ltr'><strong> </strong></span> 
     </span>
    </p>
   </div>
  </div>
 </body>
</html>
