2288 3878
75 111 143 176 450
476 112 679 168 anlcllm

113 270 412 340 (19)temporibus'
478 274 533 341 (19)
563 270 744 325 manifestum
809 272 863 340 (19)
882 273 1023 339 tempores
1046 288 1101 325 au-

71 340 296 396 ·auteminfans
309 358 397 397 com·
424 345 468 397 est
492 345 589 396 tamen
607 340 745 396 infantem
771 343 831 394 tem
849 357 975 409 conpone
1000 342 1097 409 adque

75 413 261 482 ponendus.
286 412 396 480 adque
425 413 462 466 ad
489 412 594 467 collum
618 411 744 465 matricis
773 411 919 465 conlocare
973 412 1097 466 manife-

75 486 106 538 et
115 483 262 537 conlocare
275 482 307 536 in
316 485 396 536 utero
424 482 561 553 componi.
625 483 745 552 septizo-
773 485 848 536 stum
862 484 913 537 est.
935 482 1028 551 Septe.
1050 500 1098 537 ao-

71 557 204 609 materno
214 553 396 608 manifestum
423 553 502 607 nium
526 553 705 623 (septiromus
724 571 745 623 a,
774 554 849 607 dero.
876 569 1001 608 numero.
1032 570 1098 624 sep-

77 628 121 680 ost
149 627 257 695 septem
289 623 396 678 dunion
424 629 507 678 —mfi
521 628 622 693 querc
637 627 745 694 septem
772 623 927 677 timcanno
942 626 1097 680 contenere

77 713 138 751 sero
158 699 265 765 septem
290 694 396 764 ispatia
424 694 745 765 spatiiscontinerisep-
774 694 894 764 septimo
926 711 1031 750 mense.
1067 699 1098 750 et

77 766 238 822 continetur
253 766 347 819 infans
367 768 396 819 et
423 767 493 820 timo
525 782 620 820 mense
647 767 745 820 dentes
773 765 1098 834 nascietseptimoanno

75 838 210 893 nascitur.
275 836 395 906 septimo
423 835 580 891 infantibus
590 837 745 907 nascisep-
773 835 896 890 insanies
925 836 1024 890 dentes
1050 854 1098 891 ca-

76 926 150 964 anno
166 908 276 962 infante
297 908 395 961 dentes
423 907 493 961 timo
526 924 600 962 anno
630 907 671 962 eis
699 925 744 961 ca·
774 907 847 961 dere.
884 906 929 961 bis
965 906 1097 976 septinus

77 981 177 1034 cadere
205 979 252 1033 vel
280 980 395 1050 septenq²
425 979 490 1032 dere
517 977 666 1048 incipiunt.
699 978 744 1031 bis
772 977 927 1046 pubiscere.
952 980 981 1031 et
999 979 1098 1047 nugli-

95 1067 206 1109 ueresss
225 1052 347 1119 (puer'eE)
366 1048 397 1102 in
424 1049 534 1118 septeni
591 1049 744 1118 pubescere
773 1048 903 1102 cantibus
948 1048 1097 1105 mamillis.

75 1070 129 1177 loc
161 1121 304 1189 aliquibus
337 1137 396 1173 ma·
423 1119 517 1189 pueris
554 1122 584 1174 et
630 1111 744 1173 feminis
773 1135 868 1173 semen
876 1135 1099 1189 generaresep-

75 1193 170 1246 millas
203 1192 336 1261 obingere
367 1192 396 1244 et
423 1189 563 1245 nucleatis
609 1189 743 1244 mamillis
771 1192 878 1244 temet
902 1190 1000 1244 decem
1019 1207 1098 1246 anno

3 1308 8 1335 ÷
76 1263 161 1317 tertio
174 1265 290 1332 septeno
305 1263 395 1331 .I.(mo
425 1277 520 1315 semen
537 1277 680 1330 generare.
701 1263 744 1315 ter
771 1261 1098 1332 barbamaturare.Sep-

76 1351 163 1414 capra
176 1335 240 1388 odd.
255 1349 324 1388 corr.
339 1335 358 1386 c'.
374 1349 394 1386 e.
425 1332 534 1402 septeni
553 1335 583 1387 et
596 1348 652 1386 uno
670 1348 743 1386 anno
771 1334 829 1386 tem
848 1331 894 1386 <lie
906 1348 972 1400 egro
982 1332 1098 1400 pericu-

76 1402 395 1542 {astitisset
423 1402 744 1544 ttetpltlttttt·
771 1401 1099 1529 lttttttttt·

77 1545 148 1599 timo
163 1543 209 1597 die
224 1560 396 1613 egruspere·
423 1545 555 1599 timomos
589 1562 616 1614 s,
659 1544 744 1614 septi·
770 1543 819 1597 nia
832 1542 996 1598 ministrare
1010 1544 1054 1599 sic
1068 1550 1099 1601 et

77 1615 185 1672 clitare,
223 1613 272 1683 qui
313 1614 396 1669 multi
425 1632 517 1670 aomos
540 1619 564 1685 e)
587 1615 744 1686 periclitari
771 1613 909 1668 infantem
930 1614 962 1667 in
980 1619 1098 1671 uterum

77 1689 185 1757 septem
212 1684 319 1744 catellis
339 1702 396 1739 om·
424 1686 474 1755 qui
518 1686 608 1741 multe
652 1685 744 1741 stellis
771 1688 930 1739 maternum
972 1686 1097 1743 firmare.

76 1759 125 1812 nia
157 1755 318 1811 ministrare
356 1756 396 1810 sic
423 1756 574 1812 minsitari.
595 1756 635 1811 sic
649 1756 743 1811 infans
772 1755 903 1825 Conpono
922 1773 1029 1812 cursus.
1052 1775 1097 1813 so·

76 1829 170 1883 infans
189 1828 220 1881 in
238 1830 318 1882 utero
337 1844 395 1881 ma·
424 1827 454 1880 in
471 1830 551 1882 utero
571 1827 638 1882 ferri
657 1830 742 1895 atque
770 1825 814 1881 lis.
830 1829 860 1880 et
873 1827 1098 1885 lunadodiacon

75 1903 156 1955 terno
165 1898 294 1953 formare.
311 1901 396 1966 atque
424 1898 562 1967 componi.
578 1915 660 1953 cursu
675 1897 742 1952 solis
770 1914 886 1952 numero
902 1897 1096 1956 determinare

3 1966 9 1987 '¹
75 1970 397 2095 {testatas
423 1969 744 2095 attentata
770 1968 1096 2112 iltsluiil‘lttltd

75 2112 191 2167 minare.
225 2114 269 2165 est
301 2113 396 2164 autem
423 2114 482 2165 tem
504 2127 652 2165 numerum
674 2128 743 2179 quo·
770 2112 918 2165 catur.1·ae
929 2110 1032 2166 <lecum
1045 2130 1095 2182 pa

75 2198 206 2236 numerus
230 2182 306 2250 quod
325 2180 396 2234 mihi
423 2181 743 2251 rumseptemetmulti-
770 2183 849 2235 ratus
895 2186 1096 2237 consumatum

76 2253 117 2307 sio
135 2252 248 2307 videtur
266 2252 318 2305 fiat
335 2268 396 2320 scp-
422 2251 511 2321 pliccs
531 2254 560 2306 et
574 2252 616 2307 ita
630 2255 744 2322 partum
771 2253 821 2306 sed
839 2251 978 2321 lyguram.
1002 2253 1095 2309 homi-

75 2324 130 2378 ties
138 2321 345 2390 multiplicatus
354 2321 396 2375 ita
424 2323 618 2379 consummari.
646 2324 744 2378 sedet
770 2322 815 2376 nis
847 2321 942 2376 infans
980 2325 1097 2395 accepit

75 2395 159 2515 {arto
169 2408 331 2446 consumere
347 2392 397 2444 sed
424 2392 742 2461 figurahominisinfans
769 2393 897 2464 proximo
913 2396 1018 2450 autem.
1037 2396 1095 2451 XL.

96 2480 197 2532 guram
214 2461 337 2515 hominis
353 2461 396 2514 in·
424 2463 572 2531 acceperit.
588 2464 679 2533 primo
694 2481 743 2518 au·
771 2467 800 2519 et
829 2463 921 2518 XXX.
961 2464 1035 2522 diac.
1064 2483 1095 2521 os

76 2532 140 2586 fans
155 2532 285 2601 accipiat.
304 2531 396 2601 primo
423 2534 744 2604 temquadragintaali-
771 2536 866 2589 autem
894 2551 1029 2590 numerus
1062 2540 1096 2591 ut

76 2605 171 2658 autem
201 2603 247 2657 die
275 2603 396 2671 quadra·
424 2604 537 2672 quando
551 2605 678 2674 treginta
693 2623 743 2660 no·
770 2607 876 2675 partus.
888 2605 973 2659 datur
983 2607 1096 2676 sepcies

76 2674 184 2744 gesima
199 2673 270 2728 dico.
288 2678 320 2728 os
333 2675 395 2741 (te.
423 2678 593 2729 vemautem
602 2694 741 2733 numerus.
771 2675 940 2746 duplicatur.
978 2676 1097 2747 Oportit

75 2746 138 2815 hos)
153 2747 248 2800 autem
264 2760 397 2799 numerus
423 2747 456 2799 ut
464 2748 548 2815 partu
558 2747 743 2818 multiplicari
770 2747 812 2801 ita
843 2749 876 2800 ut
908 2763 975 2816 ergo
1009 2765 1097 2816 quem

77 2818 127 2870 aut
159 2819 243 2870 natus
277 2817 395 2871 daturae
424 2819 542 2886 oportet.
589 2818 632 2873 ita
675 2835 748 2889 ergo
770 2833 889 2885 cumque
904 2817 951 2872 die
960 2817 1048 2876 XXX.
1064 2819 1096 2874 in

76 2886 180 2957 septies
223 2887 396 2957 multiplica·
423 2888 592 2958 quicumque
607 2889 667 2945 dies
686 2892 742 2945 tre·
769 2891 849 2943 utero
877 2890 1039 2943 maternum
1063 2891 1097 2944 fi-

75 2976 145 3013 mus.
157 2961 269 3028 oportet
278 2958 320 3013 ita
329 2975 395 3028 crgo
423 2959 504 3029 ginta
526 2959 557 3014 in
580 2963 659 3016 utero
682 2977 742 3014 ma·
769 2976 849 3030 gnra.
869 2957 994 3013 hominis
1013 2977 1097 3016 acce-

76 3028 245 3098 quicumque
259 3030 306 3084 vel
325 3030 393 3085 dies.
422 3033 502 3086 temo
516 3032 608 3101 figura
619 3030 741 3086 hominis
768 3029 850 3100 perit.
865 3029 918 3083 VH
926 3046 1024 3085 mense
1044 3050 1097 3087 na·

75 3100 160 3156 XXX.
184 3100 215 3154 in
237 3104 317 3155 utero
336 3119 395 3155 ma·
423 3102 741 3172 acciperitnonomense
770 3101 864 3155 scitur.
913 3117 946 3155 oo
984 3103 1096 3172 sepcies

74 3174 155 3225 terno
170 3171 290 3241 figuram
306 3172 395 3226 homi-
423 3173 535 3242 expleto
560 3171 666 3227 femina
691 3190 742 3242 pa·
769 3172 906 3241 duplicas.
934 3171 1008 3227 fiunt
1032 3174 1096 3230 dies

74 3241 119 3296 nis
127 3242 267 3312 acceperit
275 3242 394 3312 septimo
422 3244 484 3298 riet.
514 3243 618 3313 septies
649 3243 741 3313 dupli·
769 3242 845 3298 CCX.
861 3241 912 3311 qui
928 3242 1002 3298 fiunt
1016 3263 1096 3300 men-

75 3329 170 3368 mense
188 3313 321 3369 nascitur.
341 3314 394 3368 hoc
422 3313 501 3369 cabis
529 3317 558 3368 et
581 3313 741 3368 efficiuntur
769 3313 872 3368 sisVlI.
880 3312 911 3368 si
922 3314 987 3382 quis
997 3319 1096 3372 autem

75 3383 180 3453 septies
204 3384 324 3454 duplicit
342 3384 394 3438 ite-
423 3384 483 3439 dies
499 3384 614 3439 ducenti
628 3388 740 3455 septua·
769 3383 815 3438 die
824 3383 881 3440 XL.
892 3387 923 3441 et
933 3387 1097 3456 proximam

195 3490 281 3558 uc)
531 3491 627 3562 nm)
870 3491 990 3565 uma)
1072 3479 1084 3579 J
