2288 3878
508 167 695 220 GYNAECIA.
1030 164 1095 228 437

81 322 175 376 nalem
190 321 354 390 spiritalem.
373 326 402 376 ct
430 323 558 377 canalem
583 323 748 392 spiritalem.
778 323 876 376 dicunt
899 326 1032 392 utrasque
1052 341 1097 377 ca-

82 393 404 447 stomacumstomschus
430 397 459 447 et
491 396 615 448 stomaco
648 393 749 447 similis
777 393 864 447 nales.
873 394 956 446 modo
966 395 1097 463 aperitur.

82 466 177 517 autem
203 464 332 533 epitharo
365 463 401 517 si·
430 467 480 518 cst.
507 463 621 533 pitharo
648 464 679 516 id
707 466 750 518 est
777 464 1099 519 modoclauditurcom-

81 533 153 587 mele
163 536 213 588 est.
227 534 317 588 utrius
328 551 401 603 quae
429 534 510 589 fauce
530 537 649 603 utraque
666 552 750 588 cana·
777 534 910 604 plectens.
923 534 1015 603 aperit
1024 534 1099 589 enim

82 604 188 658 canalis
207 606 291 659 modo
310 604 403 674 aperit
429 605 465 658 lis
507 607 592 659 modo
633 605 748 675 coperit.
796 604 954 674 spiritalem
979 604 1078 658 canale

81 675 164 729 modo
186 675 259 745 clu(o
278 675 402 745 corr.)dit
429 677 512 730 modo
526 676 643 730 claudit.
659 675 750 745 aperit
778 693 842 730 cum
855 675 1003 743 loquimur.
1022 675 1098 729 clau-

82 745 173 815 aperit
182 749 278 800 autem
289 747 402 817 spirita·
429 765 493 800 cum
507 747 749 815 spiritalialoqui-
779 747 855 800 ditur
869 763 932 800 cum
945 747 1098 799 manduca·

81 816 243 885 lisquando
252 817 401 885 loquimur.
429 821 483 872 tur.
508 821 537 872 et
560 817 668 871 claudit
687 835 750 871 cum
777 835 847 871 mus.
871 817 1011 885 quomodo
1034 832 1099 886 pro-

80 887 194 942 claudet
227 905 290 941 cum
323 905 401 941 man·
429 889 629 959 manducamus
645 891 750 956 etepu-
777 889 845 942 bare
863 904 1019 958 possumus.
1036 904 1100 940 cum

82 959 216 1012 ducamus
240 958 265 1012 si
288 959 401 1026 quando
429 959 527 1012 lamur.
551 958 626 1012 inter
651 958 749 1028 epulas
777 958 850 1013 forte
860 959 931 1012 cibo.
943 957 989 1011 vel
1000 960 1101 1027 potum

80 1028 226 1098 cpolimur.
264 1032 294 1082 ct
327 1029 402 1082 inter
428 1029 501 1082 risus
511 1029 644 1084 nascitur.
658 1033 687 1083 et
696 1029 750 1083 hoc
777 1030 883 1083 utimur
906 1032 935 1082 ct
957 1029 1030 1082 risus
1054 1045 1099 1081 oc-

80 1099 179 1169 epulas
204 1099 345 1167 loquendo
364 1099 401 1152 ri-
429 1099 668 1169 canalispiritale.
685 1099 750 1154 exin
778 1100 903 1155 currerit.
945 1102 974 1152 et
1015 1115 1100 1168 supra

81 1187 127 1223 sus
145 1169 280 1226 nascitur.
299 1170 330 1223 in
348 1170 401 1224 hoc
429 1173 540 1241 sumpto
550 1171 614 1224 cibo
624 1170 670 1224 vel
678 1174 748 1240 potu
778 1170 854 1224 dicto
870 1170 949 1238 (dict)
964 1169 1027 1223 cibo
1043 1168 1099 1237 spi-

81 1241 208 1294 canalem
235 1240 349 1296 insuetu
377 1240 401 1294 si
429 1241 750 1310 aliquidreceperitsta
777 1240 870 1294 n'talis
903 1239 1010 1294 canalis
1046 1239 1098 1293 ali-

81 1327 115 1363 ex
138 1310 201 1363 cibo
224 1311 270 1365 vel
294 1329 328 1366 ex
350 1330 401 1382 pu·
428 1312 749 1380 timtussisinsequitur.
778 1311 847 1380 quid
857 1311 989 1381 aperitur.
1001 1310 1100 1364 statim

81 1380 161 1433 cione
181 1380 291 1448 aliquid
309 1385 401 1435 extra·
430 1384 517 1438 donec
529 1383 684 1452 inpellente
694 1383 750 1452 spi·
777 1381 863 1435 tussis
910 1382 1098 1450 consequitur.

80 1449 161 1505 xcrit.
191 1451 288 1504 statim
315 1452 401 1505 tussis
428 1453 486 1508 n'tu
504 1470 558 1522 que
572 1453 646 1507 illud
663 1454 750 1524 gluti-
778 1453 866 1507 donec
875 1452 1029 1521 inpellente
1043 1451 1099 1521 spi-

80 1519 239 1588 insequitur
253 1522 341 1577 donec
359 1522 401 1576 in·
428 1528 508 1578 verat
536 1525 567 1578 in
595 1542 646 1578 sua
668 1528 749 1594 parte
777 1523 834 1576 ritu
857 1523 930 1577 illud
958 1525 1033 1592 quod
1056 1540 1098 1576 re-

80 1590 233 1660 pellentem
272 1593 402 1663 spiritum
428 1598 575 1650 revocetur
600 1612 651 1665 per
674 1597 750 1662 quod
776 1597 860 1663 parat
873 1594 903 1647 in
916 1595 1030 1664 propria
1045 1594 1098 1646 itc-

79 1661 153 1715 illud
176 1663 252 1730 quod
272 1667 402 1719 evaserat
429 1682 493 1720 esca
513 1666 669 1720 deducitur.
777 1683 838 1718 rum
857 1669 977 1720 revocet.

79 1732 110 1786 in
124 1750 189 1787 suas
203 1733 306 1789 iterum
321 1752 401 1790 revo-

80 1808 166 1859 cetur.
186 1808 281 1873 partes

115 1914 152 1980 (9)
177 1911 243 1964 huic
262 1928 328 1981 ergo
347 1911 401 1963 lin-
465 1913 502 1979 (9)
524 1909 591 1963 huic
610 1926 676 1979 ergo
694 1910 748 1964 lin-
811 1910 1095 1982 (9)huiclinguedex-

80 1998 153 2049 guae
181 1981 212 2033 id
240 1984 283 2034 est
313 1981 400 2048 hypo·
428 1997 483 2049 gue
497 1979 634 2034 stibulose
649 1982 748 2035 dextra
775 1983 820 2034 tra
857 1980 976 2048 levaque
1014 1983 1095 2050 parte

79 2050 204 2119 glosidcs
215 2051 315 2104 dextra
324 2051 400 2103 leva·
428 2050 670 2117 levaquetruxille
683 2055 748 2106 sunt
775 2050 910 2104 tussicule
920 2054 986 2104 sunt
994 2051 1094 2121 posite.

80 2136 134 2186 que
153 2120 252 2173 tussile
272 2122 338 2173 sunt
351 2136 400 2187 po·
427 2119 519 2189 posite
547 2122 623 2188 quod
653 2125 748 2176 autem
776 2122 852 2189 quod
883 2124 978 2175 autem
1013 2138 1096 2190 super

80 2189 160 2243 sitae.
208 2190 268 2254 Quo
305 2193 401 2243 autem
428 2190 610 2259 superpendit
623 2210 679 2246 uva
696 2196 746 2247 est.
774 2193 899 2261 pendens
916 2192 1020 2261 lingue.
1039 2209 1095 2246 uva

80 2260 263 2328 superpendit
276 2260 335 2313 illis
345 2278 400 2314 uva
426 2261 527 2331 pendit
552 2266 647 2316 autem
665 2280 748 2333 super
776 2262 923 2331 apellatur.
936 2266 1096 2332 postquam

80 2334 131 2384 est.
142 2330 295 2398 Perpendit
305 2333 400 2385 autem
428 2333 498 2385 duas
526 2333 647 2389 canales.
679 2351 747 2402 quo·
775 2350 896 2387 caverna
937 2337 1002 2388 sunt
1039 2334 1094 2386 duo

80 2417 163 2470 super
191 2402 259 2456 duos
283 2402 399 2457 canalis.
426 2421 489 2457 rum
502 2420 559 2457 una
571 2421 622 2474 per
640 2421 697 2473 qua
709 2405 746 2459 ci·
775 2421 836 2473 quac
858 2405 890 2458 fit
908 2404 1012 2458 infusio
1031 2422 1095 2473 rup-

77 2490 135 2550 una
168 2489 224 2540 qua
259 2473 338 2527 cibus
370 2476 400 2529 et
426 2475 479 2528 bus
492 2478 617 2544 etpotus
631 2475 748 2530 instho-
775 2479 828 2531 tus.
844 2477 920 2544 quod
933 2476 1011 2545 greci
1027 2493 1095 2530 ana·

78 2547 162 2612 potus
188 2544 225 2597 ad
244 2547 400 2599 stomacum
426 2546 648 2602 macodefertur.
664 2564 747 2616 quem
775 2547 922 2601 thimiasin
982 2549 1093 2601 vocant.

79 2614 204 2669 defertur
230 2633 314 2684 quem
339 2616 399 2686 ipo·
425 2617 575 2687 picolasim
601 2619 748 2673 continent
774 2634 856 2672 nares
875 2635 986 2686 quoque
1012 2633 1096 2687 supra

78 2686 174 2754 glossa
199 2688 325 2742 contenit
344 2688 399 2769 spi·
427 2687 563 2757 spiritalis
575 2688 675 2744 dictus.
689 2689 747 2744 alia
775 2689 859 2743 dictis
881 2689 1008 2743 cavernis
1025 2687 1095 2741 infe-

79 2756 190 2810 ritualis
200 2757 399 2812 diceturAhus
426 2762 523 2813 autem
537 2761 647 2814 deretro
667 2760 746 2830 spine
774 2762 847 2813 runt.
858 2775 909 2827 per
923 2761 1036 2813 easdem
1050 2775 1096 2810 us-

80 2829 175 2880 autcm
192 2827 302 2883 deretro
321 2828 399 2883 iunc-
426 2831 502 2897 quod
520 2830 681 2884 sthomacus
705 2831 747 2883 di·
774 2846 828 2897 que
838 2830 875 2883 ad
884 2830 1027 2882 cerebrum
1034 2831 1095 2880 ten-

79 2900 124 2950 tus
136 2913 223 2965 spync
238 2898 398 2952 stomachus
426 2899 507 2954 citur.
567 2900 747 2970 coniungitur
775 2901 886 2953 duntur.
915 2914 996 2952 aures
1020 2897 1096 2951 enim

80 2967 400 3037 diceturconiunggetur
426 2972 521 3023 autem
535 2970 666 3039 gurgulio
684 2970 746 3040 pul·
773 2969 819 3039 rip
848 2971 914 3021 sunt
943 2967 1094 3021 auditores.

78 3037 210 3107 gurgulio
228 3037 368 3107 pulmone.
425 3039 563 3094 monibus.
775 3039 848 3092 sicut
874 3054 967 3091 rerum
994 3041 1094 3092 nature

774 3108 932 3177 composuit
959 3109 997 3162 ad
1020 3126 1095 3163 cere-

773 3180 862 3233 brum.
887 3181 916 3232 et
939 3197 956 3233 a
981 3181 1094 3234 cerebro

774 3251 968 3306 descendente.
984 3251 1094 3306 faciunt

773 3321 1094 3378 exalationemconiun·

772 3393 1095 3476 gitunautemgulapul-

771 3481 856 3520 moni.

179 3532 236 3586 III
242 3533 296 3601 (D)
530 3531 635 3600 IV(P)
894 3535 973 3605 ΠΟ)
