2288 3878
118 161 160 227 22
431 162 621 217 nunonem
637 162 817 217 ramolam

116 328 242 386 mixtum
266 326 402 386 similiter
425 328 524 386 inicio.
571 329 614 386 sic
633 334 663 386 et
682 328 730 386 ovi
752 326 853 387 albore
872 345 943 387 cum
966 327 1042 388 lacte
1065 346 1127 389 mu-

116 414 204 475 liebri
227 415 412 494 lrequentius
435 424 510 475 utor.

206 507 323 564 sivero
347 505 436 563 etiam
460 503 544 563 dolor
566 504 686 563 innatus
710 504 813 584 luerit,
837 502 985 565 basilicon
1007 507 1040 566 in
1063 524 1126 565 nar-

116 593 186 653 diuo
209 593 274 653 oleo
298 591 426 652 solutum
450 590 584 652 adhibeo.
631 599 661 652 et
683 599 851 655 castoreum
873 611 943 655 cum
967 592 1043 655 laete
1066 612 1125 655 mu·

90 680 204 742 aliebri
236 680 374 742 simihter
405 679 478 741 utile
508 687 561 740 cst.
612 681 727 741 interea
758 688 858 743 autern
890 684 1016 761 spongia
1048 681 1124 743 molli

116 778 274 849 vaporetur
297 788 334 829 ex
357 770 443 847 aquis
467 768 643 849 chalasticis,
666 776 696 829 et
718 776 786 848 post
808 769 875 831 lana
898 769 1096 850 detergeatur.

206 877 275 919 sane
300 859 326 917 si
350 875 418 917 cum
442 856 491 917 illa
514 857 715 936 indignatione
739 857 851 919 doloris
875 860 968 919 etiam
986 859 1121 919 derivatio

116 948 206 1008 luerit
233 947 363 1025 saniosa,
393 944 510 1005 alumen
538 945 624 1005 molle
652 953 683 1006 et
710 945 775 1006 oleo
803 946 969 1009 resolutum
996 947 1119 1025 infundo,

116 1044 146 1095 et
168 1035 325 1114 galbanum
349 1035 380 1093 in
404 1033 468 1093 oleo
493 1033 637 1094 similiter.

77 1136 103 1175 1⁰
205 1124 365 1184 ventositas
397 1140 467 1182 vero
500 1125 525 1181 si
558 1122 760 1183 intercluserit
791 1141 893 1205 aures,
926 1124 1117 1186 afronitron

115 1222 198 1273 aceto
217 1212 348 1273 resoluto
367 1210 541 1271 excluditur.
579 1211 635 1271 hoc
654 1218 684 1271 et
703 1211 878 1272 draconteae
902 1212 1014 1274 herbae
1038 1228 1115 1274 sucus

82 1290 88 1299 ’
117 1308 146 1360 et
169 1304 337 1361 centauriae
362 1302 440 1361 lacit.

63 1385 107 1448 20
206 1391 231 1448 si
255 1407 359 1448 sonare
383 1406 470 1448 aures
493 1389 655 1468 coeperint,
678 1388 839 1468 oxyrodino
858 1389 961 1468 tepido
980 1388 1113 1450 curandae

117 1483 213 1537 erunt.
259 1478 286 1534 si
313 1483 411 1536 antem
438 1475 533 1536 isdem
556 1495 592 1537 ex
618 1477 801 1554 aegritudine
826 1479 942 1539 sonitus
966 1477 1114 1554 obvenerit,

78 1578 103 1620 ιδ
117 1583 153 1625 eu
177 1582 251 1642 aqua
274 1566 371 1643 primo
395 1563 548 1643 vaporabis
572 1582 659 1625 aures
683 1567 715 1626 in
739 1584 796 1644 qua
819 1565 1003 1627 absinthium
1030 1565 1114 1645 ponti-

118 1671 185 1713 cum
209 1669 332 1732 coques,
360 1659 389 1711 et
412 1653 551 1713 continuo
575 1653 769 1732 oxyrodinum
797 1654 951 1735 infundes,
979 1662 1029 1715 aut
1053 1653 1114 1714 rala-

189 1827 203 1877 1
224 1821 309 1876 inicio
328 1824 377 1878 bB
395 1821 466 1892 (Or.)
485 1822 589 1893 incipio
608 1826 646 1893 r):
665 1823 787 1880 immitto
807 1825 865 1882 oet.
962 1824 1003 1878 sic
1022 1826 1050 1879 et
1067 1822 1115 1880 (iel.

118 1894 199 1964 (Or.):
219 1897 248 1949 et
265 1895 312 1949 rB
330 1896 389 1964 (om.
410 1895 443 1963 b).
557 1895 683 1949 alborem
701 1898 762 1965 (aio)
781 1896 837 1962 Br,
855 1894 990 1951 albumen
1011 1895 1056 1952 Or.

117 1973 132 2021 2
151 1965 324 2036 frequentius
343 1967 407 2020 utor
423 1966 459 2020 rb
471 1965 543 2023 Get:
561 1983 612 2021 om.
631 1967 667 2022 Β.
784 1971 801 2021 3
820 1965 846 2021 ai
862 1982 928 2020 vero
948 1968 1005 2022 bra·
1017 1966 1043 2020 si
1059 1979 1115 2020 vero

108 2037 204 2092 „etiam
225 2039 291 2105 Get,
311 2039 340 2092 el
358 2036 383 2090 ei
401 2037 436 2091 Β.
553 2035 749 2093 basilicon...
765 2036 886 2093 adhibeo
906 2038 933 2093 Β
951 2036 1011 2107 (Or.
1031 2037 1065 2104 es.
1082 2052 1115 2107 pr.

117 2110 179 2166 Gal.
195 2127 225 2179 p.
240 2113 295 2164 331
309 2107 414 2177 νάρδος
431 2105 500 2175 μετὰ
514 2107 658 2178 βασιλικοῦ
677 2108 852 2179 φαρμάκου)ι
871 2107 966 2163 oleum
977 2107 1118 2163 nardinum

115 2180 207 2234 solum
224 2179 346 2235 adhibeo
365 2181 401 2235 br
419 2177 460 2247 (in
477 2176 597 2234 nardino
616 2178 677 2234 oleo
696 2179 756 2234 solo
775 2196 839 2233 eum
858 2178 999 2235 adhibebo
1021 2179 1096 2248 (dell.

115 2257 133 2304 4
151 2254 180 2306 et
198 2254 271 2320 (ante
289 2252 369 2319 caat.)
388 2251 451 2305 odd.
467 2249 495 2303 Β
512 2249 595 2319 (Or.):
615 2266 666 2306 om.
680 2252 716 2306 rb
731 2251 789 2307 Gal.
849 2248 1014 2305 taimiliter
1026 2267 1075 2307 ona
1088 2248 1118 2306 ab

116 2320 193 2390 (Oc).
266 2322 339 2375 utB
358 2323 463 2390 (autem
480 2320 560 2389 (ἴσως
580 2337 629 2375 orn.
644 2320 754 2389 rb(Or).
828 2327 844 2375 6
862 2322 1017 2391 vaporetur
1033 2337 1068 2376 ex
1080 2336 1118 2388 aq.

117 2390 252 2445 caliatiois
267 2393 294 2445 Β
309 2394 453 2461 (vaporem
470 2407 505 2444 ex
523 2391 604 2460 aquis
624 2391 765 2447 calasticis
784 2391 856 2447 facis
872 2392 942 2461 Orba
966 2391 1060 2447 salom
1078 2407 1120 2445 va·

117 2477 198 2530 porea
213 2464 304 2530 (-ras
318 2464 343 2531 r)
362 2477 442 2516 aurea
461 2463 497 2517 rb
512 2463 589 2531 (latet
610 2463 712 2518 lacuna
731 2465 807 2533 apud
822 2464 880 2520 nez.
899 2464 948 2518 obi
966 2465 1007 2519 aio
1020 2462 1123 2519 interea

118 2533 213 2586 autem
232 2531 350 2602 spongia
368 2531 461 2586 mollia
475 2549 593 2602 vapores
613 2549 703 2601 aquae
721 2533 835 2590 habeat.
872 2531 1009 2589 similiter
1023 2536 1053 2589 eh
1065 2532 1123 2604 poet

117 2603 209 2658 lutum
232 2601 362 2659 infundo:
381 2605 411 2657 et
431 2603 585 2674 galbanum
598 2603 628 2658 in
642 2603 704 2659 oleo
719 2603 857 2660 similiter.
885 2604 994 2659 Ventus
1013 2605 1124 2672 vero...)

119 2674 281 2754 detergatur
299 2675 326 2727 Β
345 2674 427 2743 (Or.):
447 2674 575 2745 deterges
594 2676 610 2730 b
629 2674 698 2740 (-ia
717 2678 750 2745 r).
829 2680 844 2729 7
864 2673 950 2730 etiam
969 2676 1011 2731 B:
1031 2693 1075 2732 orn
1087 2676 1125 2731 br.

118 2749 135 2798 8
154 2760 267 2799 ramosa
285 2745 312 2799 B
332 2745 413 2814 (Or.):
433 2744 574 2800 saniorum
592 2744 694 2815 (-ie?)
713 2748 738 2815 b,
762 2745 851 2801 saniei
868 2764 891 2802 r.
983 2751 1001 2801 8
1020 2746 1127 2802 alumen

176 2815 294 2870 infundo
313 2817 352 2872 B:
377 2815 489 2870 alumen
511 2815 569 2870 mel
591 2818 620 2870 et
638 2816 731 2871 oleum
753 2816 907 2872 resolutum
929 2815 1056 2872 mfundb
1077 2816 1127 2882 Or..

118 2887 232 2941 alumen
252 2886 311 2941 mel
333 2889 361 2941 et
379 2886 472 2942 oleum
490 2886 583 2955 (melle
601 2903 636 2942 ex
654 2886 716 2943 oleo
734 2891 760 2958 r)
779 2887 896 2943 infundo
916 2889 952 2943 br
969 2889 988 2957 (.
1006 2932 1012 2943 .
1029 2885 1126 2970 .<so>

118 2957 210 3013 lutum
227 2956 344 3012 infundo
360 2958 437 3025 Gai).
512 2963 527 3011 9
543 2957 675 3013 similiter
691 2958 771 3014 ridel.
785 2959 868 3029 (Orlz
887 2957 987 3013 tritum
1001 2957 1128 3013 similiter

119 3031 145 3097 h,
164 3028 295 3083 similiter
312 3028 465 3084 resolutum
483 3027 567 3083 initio
583 3030 618 3084 Β,
675 3034 708 3083 10
726 3032 801 3084 vent.
820 3044 886 3084 vero
905 3027 931 3084 ai
944 3029 972 3085 B
983 3028 1127 3099 Gel.(0r.):

120 3099 145 3155 ai
162 3101 237 3154 vent.
257 3101 301 3156 rb.
374 3115 455 3154 aures
474 3100 510 3154 br
528 3102 633 3168 (-rem
651 3100 733 3224 (Ocp
753 3117 803 3156 om.
823 3100 921 3156 Bou.
995 3099 1126 3155 aironiiuo

119 3170 138 3226 i.
158 3188 182 3226 a.
202 3170 270 3224 trito
289 3186 312 3226 e.
332 3172 381 3239 br,
402 3169 545 3224 afronitris
563 3170 581 3224 i.
602 3188 626 3225 a.
646 3187 707 3225 reso
720 3171 776 3225 ntis
796 3187 819 3227 e.
838 3171 866 3224 Β
877 3171 935 3227 Get.
955 3169 1128 3239 (afroniaum

120 3241 137 3297 i.
158 3259 182 3297 a.
203 3258 267 3295 eum
284 3241 368 3297 melle
386 3239 497 3295 modico
515 3240 669 3296 resolutum
686 3241 766 3296 lavas
788 3241 851 3311 Oc).
1002 3247 1037 3297 13
1055 3239 1081 3294 ai
1096 3238 1127 3295 rb

122 3314 180 3370 uec.
192 3313 274 3382 (Or.):
294 3311 402 3367 sivero
421 3313 456 3366 Β.
534 3311 704 3368 oxiorodono
724 3315 797 3382 (item
814 3314 861 3382 16)
880 3312 916 3367 Β.
991 3309 1126 3367 curandae

122 3386 212 3454 -(16)
231 3383 416 3453 oxyrodinum
434 3399 484 3438 ooo.
505 3383 520 3438 b
539 3385 605 3452 (ooo
622 3386 654 3452 r).
784 3387 818 3439 14
836 3384 933 3437 autem
949 3379 1041 3437 isdem
1059 3379 1126 3438 Gela

121 3455 242 3509 eundem
260 3470 321 3510 esse
339 3456 375 3525 Β,
395 3472 444 3512 om.
463 3471 480 3510 r
498 3453 574 3525 (On).
684 3459 717 3508 16
740 3453 886 3509 oxirodino
904 3451 1011 3524 (tepido
1028 3453 1127 3509 ’ΒΜ

112 3528 185 3581 odd.
204 3529 229 3596 r)
248 3528 317 3583 Bbr
332 3527 390 3586 eet.
411 3525 502 3596 (Or.):
529 3525 575 3581 sed
601 3525 634 3580 io
658 3541 726 3596 seqq.
756 3542 853 3580 aueum
873 3567 900 3580 ..
922 3568 927 3579 .
946 3522 1062 3592 pulvere
