2288 3878
16 144 82 210 348
356 148 702 204 pemmo-unacum

16 305 80 359 fans
98 322 165 360 vero
185 304 234 374 qui
253 309 338 361 uatus
357 309 386 361 ct
404 305 523 361 alterius
541 306 587 362 lac
604 307 732 379 accipere
752 306 849 378 debet,
870 309 942 378 quia
960 310 1035 366 illius

16 385 61 439 lac
81 388 242 440 concretum
261 388 312 441 est.

88 465 215 520 Mulieris
234 466 278 520 lac
298 466 446 521 sibonum
466 469 510 521 est
527 467 570 522 ita
587 467 737 536 probatur,
763 469 796 521 ut
819 465 859 522 sit
883 469 1035 524 candidum

17 549 47 601 et
70 545 191 616 spissum
214 547 244 599 et
268 545 329 602 siue
356 545 414 600 ullo
444 546 537 601 odore.
566 564 652 616 supra
673 545 813 616 ungulam
836 546 932 603 stillas
951 567 1035 605 unam

1 629 137 696 guttam,
157 630 186 679 et
204 625 315 679 ridebis
335 626 359 680 si
377 627 483 681 bonum
496 625 543 680 vel
558 625 679 696 spissum
693 629 744 682 est.
769 625 838 681 talis
852 627 932 682 enim
952 630 1035 685 debet
1125 676 1128 697 Ι

17 723 78 761 esse
105 704 213 772 nutrix,
240 708 354 774 pectore
382 704 493 775 ample,
522 708 617 761 aetate
644 705 752 776 media,
777 705 876 761 mollis
905 712 979 779 cute,
1005 711 1034 764 in
1126 752 1129 761 .

16 785 146 839 mammis
164 783 273 852 valida,
297 787 327 838 et
350 783 474 854 oblonga
496 784 632 854 capitella
654 785 768 840 hebeat.
796 802 849 840 nec
874 774 1034 859 sint'primi

16 865 90 920 fetus
110 865 146 919 ob
165 862 307 917 infantula
320 864 366 918 vel
381 882 456 920 arun.
483 868 580 919 castae
594 864 652 920 sint
666 868 733 920 onte
747 865 843 920 omnia
862 869 894 921 et
912 870 1033 925 mundae
1127 908 1129 913 -

17 961 112 1000 omnes
131 961 203 1012 quae
218 942 341 997 infantes
356 943 493 1000 nutriunt.
523 962 628 1013 squam
645 962 712 1001 vero
729 945 844 1015 penitus
858 964 920 1003 non
932 948 1034 1004 bibant

1 1041 104 1093 ·usque
127 1024 157 1077 in
182 1022 241 1076 dies
260 1022 345 1076 XXX.
373 1039 440 1076 nam
464 1024 488 1078 si
511 1024 611 1079 matris
636 1025 789 1080 colostram
814 1025 902 1081 simul
928 1027 1034 1084 biberit

16 1103 110 1158 infans
125 1121 188 1157 cum
201 1102 276 1157 lacte
290 1102 416 1173 nutricis,
439 1104 470 1158 in
484 1105 613 1159 omnibus
627 1104 750 1160 validior
764 1107 793 1159 et
807 1105 961 1163 formosior
974 1109 1032 1165 erit.
1129 1160 1131 1171 ,

16 1210 63 1264 VI.
91 1210 137 1263 De
156 1209 300 1263 muliere
320 1226 407 1278 quoe
429 1210 464 1264 in
487 1227 627 1281 corpore
650 1211 866 1282 pruriginem
889 1215 1032 1284 patitur.

88 1289 192 1343 Faeces
211 1289 271 1343 viui
290 1290 436 1344 combures
451 1290 572 1358 vinoque
592 1291 673 1345 suavi
687 1291 892 1363 commiscebis,
912 1297 943 1349 et
961 1295 1033 1349 cale-

16 1368 92 1422 facto
120 1368 198 1437 fore,
227 1371 293 1437 post
320 1369 453 1424 corticem
480 1369 542 1438 pini
569 1372 684 1425 tunsum
708 1372 738 1426 et
765 1370 924 1427 cribratum
952 1392 1032 1445 super

1 1463 143 1516 ‚asperge
169 1447 341 1503 frumentum
358 1452 440 1504 vetus
459 1449 490 1502 in
508 1466 584 1517 aqua
603 1449 756 1520 decoques,
776 1450 880 1506 exinde
898 1452 981 1523 fove,
998 1453 1032 1507 si·

16 1527 122 1581 militer
136 1531 277 1596 operatur.
306 1529 330 1582 si
349 1546 419 1583 anus
435 1528 566 1599 doluerit,
586 1529 760 1584 marrubium
779 1530 914 1586 combure
929 1536 960 1588 et
973 1532 1032 1604 pul·
1131 1590 1133 1605 A

16 1623 111 1661 rerem
129 1606 236 1660 factum
256 1625 381 1679 asperge.

88 1686 118 1740 Si
135 1685 262 1740 mulieris
286 1687 373 1743 vulva
395 1687 494 1742 clausa
511 1688 609 1758 fuerit,
632 1688 679 1743 vel
702 1687 726 1742 si
744 1687 809 1743 loca
827 1689 854 1744 ei
874 1689 975 1747 dolent
992 1691 1032 1747 ita
1132 1690 1133 1697 ’

89 1811 173 1880 lqui
190 1830 217 1866 ιι.
237 1827 261 1865 e.
282 1813 336 1868 ba:
356 1812 416 1866 eius
434 1831 458 1883 9.
550 1813 624 1867 lacte
642 1810 744 1866 nutriri
762 1831 787 1884 g.
860 1814 1030 1895 ⁸quia-(11)

17 1883 73 1939 erit
92 1901 141 1939 om.
160 1901 185 1955 9.
268 1882 334 1937 3Si
352 1883 458 1938 bonum
476 1887 521 1937 est
538 1902 575 1937 m.
594 1882 613 1938 l.
632 1901 658 1938 a.
748 1886 814 1938 4εὴ
833 1887 915 1955 (sune)
935 1903 986 1941 om.
1005 1905 1030 1943 a.
1124 1924 1138 1950 ,,

14 1957 132 2025 guttam
156 1972 183 2009 u.
208 1971 292 2023 supro
315 1972 341 2009 ιι.
370 1954 448 2008 stilla
468 1956 541 2009 etv.
561 1971 582 2009 s.
601 1954 628 2008 b.
654 1956 698 2008 est
719 1953 765 2008 vel
789 1971 831 2024 sp.
854 1974 881 2010 a.
919 1957 1030 2012 barim
1134 1996 1136 2003 ,

15 2044 65 2081 οιιι.
85 2045 111 2082 a.
195 2034 210 2080 6
229 2025 351 2094 pectoris
371 2024 409 2077 sit
423 2024 519 2093 ampli.
539 2024 625 2078 etatis
638 2023 740 2097 medie.
759 2025 840 2079 molli
854 2029 919 2081 cute
935 2047 961 2084 o.

17 2103 32 2151 7
52 2096 187 2166 capitella
206 2115 235 2152 a:
255 2113 305 2150 om.
326 2098 341 2151 b
361 2097 419 2165 (abi
437 2098 466 2149 et
485 2095 698 2165 oblongahaut).
797 2101 815 2149 'l‘
837 2112 891 2151 nec
909 2097 949 2153 sit
967 2118 995 2169 p:
1012 2098 1030 2154 f.

16 2172 67 2222 aut
85 2167 227 2221 infantulo
246 2186 271 2221 α.
367 2171 382 2219 8
402 2166 447 2219 vel
466 2183 531 2220 arus
552 2169 613 2236 (cic)
634 2168 662 2222 b:
682 2184 731 2222 om.
752 2184 777 2221 a.
863 2170 930 2223 ente
951 2186 975 2224 0.
995 2170 1031 2224 sit

16 2242 96 2293 casta
115 2241 144 2292 et
162 2238 275 2291 mundo.
296 2237 386 2292 omnis
401 2255 427 2305 q.
444 2236 461 2291 i.
476 2236 568 2292 nutrit
582 2256 608 2292 a.
673 2241 707 2290 10
724 2236 824 2291 matris
840 2240 870 2294 b:
895 2240 1031 2296 matrixo
1137 2232 1139 2297 ἶ

16 2347 74 2426 (pai
93 2361 160 2400 corr.
181 2344 294 2413 nutrix).
391 2343 513 2397 colostra
531 2363 561 2399 a:
586 2314 682 2397 coloss*
695 2345 718 2398 b.
797 2348 829 2397 11
850 2344 905 2399 erit
924 2348 954 2402 b:
973 2347 1031 2401 effi·

16 2419 106 2470 cretur
124 2434 150 2469 a.
263 2421 292 2467 11
313 2417 386 2470 rubr.
407 2433 441 2470 esc
459 2417 483 2482 b,
503 2417 551 2484 qai
568 2416 638 2470 orale
656 2415 736 2470 addit
754 2417 805 2468 out
824 2414 848 2468 si
866 2415 964 2472 ulcera
985 2419 1030 2486 (cf.

15 2488 52 2540 aa
69 2503 93 2540 o.
109 2490 158 2545 18)
176 2484 203 2538 ei
221 2484 321 2538 innata
339 2485 453 2539 fuerint.
477 2488 518 2541 tit.
544 2502 586 2540 om
603 2503 621 2556 9
638 2489 682 2551 (at
699 2501 800 2555 semper
818 2490 863 2554 a),
887 2490 1032 2557 quilebet

14 2556 100 2609 XVII.
124 2556 156 2608 ia
179 2556 270 2610 iudice
292 2557 347 2609 duo
371 2557 495 2624 capitula
510 2563 632 2624 ponunt,
651 2559 667 2612 b
685 2555 726 2609 De
750 2555 867 2610 muliere
891 2557 915 2611 si
938 2559 1030 2628 pruri-

14 2627 109 2697 ginem
133 2625 162 2677 iu
186 2641 301 2694 corpore
324 2625 458 2678 habuerit
481 2626 532 2694 (De
555 2626 700 2696 prurigine
722 2626 849 2681 mulieris
868 2631 904 2698 a).
928 2628 971 2684 De
993 2649 1030 2685 m
1141 2692 1143 2699 ¹

15 2697 60 2751 cui
84 2695 147 2749 sifiu
166 2698 214 2763 (=
235 2695 313 2765 fisin)
333 2695 351 2750 i.
376 2711 475 2764 corpus
500 2696 578 2750 dolet
600 2697 656 2766 (De
680 2696 776 2752 dolore
805 2697 903 2768 silingi
926 2699 945 2754 i.
970 2717 1030 2755 cor·

13 2768 90 2838 poris
109 2770 144 2837 a).
245 2772 277 2820 13
297 2765 442 2820 combures
462 2767 490 2821 b:
517 2767 576 2821 -is
594 2786 642 2839 po.
741 2770 770 2823 et
788 2767 855 2823 vino
872 2787 897 2840 9,
918 2774 1032 2825 etcum

14 2839 80 2893 vino
100 2858 125 2894 a.
236 2836 398 2892 commisces
418 2839 470 2904 ba,
490 2869 523 2877 -
543 2854 608 2892 cens
626 2857 651 2910 9,
743 2841 772 2894 et
790 2837 842 2893 cul'
863 2841 888 2908 b,
907 2843 938 2895 et
956 2841 1031 2897 cale·

14 2945 122 3000 factum
140 2965 187 3017 ap.
269 2951 303 2998 14
320 2946 421 3013 postea
439 2962 487 3014 ap.
560 2911 647 2999 icbatfi
666 2947 691 3014 b,
711 2944 891 3027 cribellatum
909 2964 957 3018 og.

15 3033 98 3085 super
117 3033 235 3086 asperge
255 3020 282 3071 b:
306 3015 337 3069 in
361 3032 394 3070 ea
417 3014 481 3070 loca
505 3032 622 3086 asperge
641 3034 672 3084 a,
695 3016 840 3098 pulverem
862 3033 893 3069 ιιι
912 3033 947 3071 ea
965 3017 1029 3100 loca

14 3104 133 3211 iaeffiietregre
144 3095 285 3227 cyperabir5
299 3087 889 3239 eil?e(grie{xiiciewgoguezessgiffiesimfflr
896 3086 979 3214 fpggt
991 3107 1029 3231 s}

15 3234 48 3282 16
68 3246 249 3299 sr—asperge
268 3246 318 3285 om.
338 3232 361 3285 b.
430 3229 455 3282 si
474 3246 544 3282 anus
563 3248 593 3283 a:
613 3246 638 3281 s1
657 3245 703 3282 our
721 3246 792 3282 anus
810 3246 834 3300 9.
891 3234 925 3283 17
944 3247 1028 3299 super

15 3315 132 3368 asperge
151 3318 175 3370 9.
246 3306 278 3353 18
294 3301 336 3355 Si:
355 3302 419 3355 binc
436 3316 536 3355 socam
554 3301 706 3368 capitulam
720 3301 770 3354 litt.
790 3301 897 3355 initiae·
911 3300 1029 3357 Srabro

134 3373 274 3452 ιιι
291 3390 335 3494 e
369 3369 865 3495 ιιιιιιιιιιιιιιιιι
885 3369 983 3496 ιιι
997 3391 1026 3497 s

8 3445 304 3573 Judpgffauuffiiugs(
337 3445 438 3567 titlanuit
453 3485 503 3568 etc,
523 3513 551 3567 b:
572 3514 600 3566 et
619 3530 644 3567 v.
663 3529 690 3581 p.
711 3528 733 3566 c.
752 3529 780 3580 p.
800 3458 889 3573 syentit
902 3531 928 3568 a.
1020 3485 1026 3498 ⁸
