2310 3864
360 166 589 220 EUPORISTON
605 168 862 224 FAENOMENON.
1078 168 1119 233 87

103 333 277 394 iaciendum
300 339 359 411 est,
386 331 439 392 sed
463 350 538 410 quae
560 333 647 411 piper
668 350 729 393 non
751 331 918 393 habuerint.
964 336 1008 394 sic
1031 336 1121 395 etiam

103 422 145 483 de
167 421 267 482 bulbis
290 419 365 480 albis
389 437 457 480 cum
480 419 568 480 melle
594 423 729 481 contritis
752 420 816 481 looa
843 421 1017 499 frequenter
1040 441 1119 483 oom-

106 518 188 573 mota
215 517 316 570 curata
344 515 422 569 sunt.
468 515 498 568 et
525 507 633 587 lycium
660 509 793 570 indicum
818 511 922 569 tritum
946 528 1014 569 cum
1037 529 1119 571 cero-

101 601 183 660 -tario
217 617 254 659 ex
286 598 351 658 oleo
381 613 468 657 roseo
497 603 661 675 temperato
694 596 895 678 adhibuimus,
928 600 977 658 oui
1009 601 1120 677 saepis·

107 689 183 749 sime
207 686 358 767 sulphuris
380 687 440 745 vivi
463 687 614 765 quippiam
637 687 703 746 triti
726 687 987 764 superadiecimus
1151 708 1155 712 ⁴

197 781 244 836 est
262 781 292 835 et
309 774 366 834 hoc
384 792 478 852 genus
497 773 637 834 adiutorii
651 774 853 835 utilissimum.
887 793 991 853 spuma
1005 777 1121 853 argenti

104 871 139 925 et
157 881 279 924 cerussa
297 864 394 923 unciis
414 861 549 942 singulis,
567 869 615 922 tus
633 862 799 924 masculum
813 871 843 923 et
862 882 981 923 crocum
1001 881 1119 924 semun-

107 954 163 1013 ciis
187 951 321 1030 singulis.
363 969 431 1010 cum
454 952 522 1010 vino
543 957 572 1010 et
591 949 655 1010 oleo
674 953 778 1012 tritum
802 958 832 1011 et
854 954 1047 1012 commixtum
1069 952 1119 1012 ad·

105 1040 272 1101 hibendum
304 1047 358 1099 est.
405 1045 435 1099 et
462 1041 509 1098 ovi
541 1037 674 1099 vitellum
707 1048 823 1100 coctum
855 1048 885 1100 et
916 1042 1019 1100 tritum
1052 1059 1120 1101 cum

106 1128 196 1189 melle
216 1135 246 1188 et
264 1127 329 1188 oleo
343 1145 430 1188 roseo
445 1129 638 1187 commixtum
657 1128 727 1186 satis
747 1126 810 1188 loca
828 1128 1011 1206 indignantia
1030 1131 1118 1189 iuvat.
1135 1141 1155 1180 1¹

103 1219 152 1278 sio
174 1217 315 1296 butyrum
343 1235 411 1277 oum
438 1214 566 1276 medulla
594 1217 727 1296 cervina,
751 1224 995 1296 oesypocerotum
1019 1225 1049 1277 et
1071 1225 1119 1279 tus

104 1305 280 1367 masculum.
323 1304 459 1365 omnibus
483 1323 519 1363 ex
543 1322 636 1382 aequo
660 1307 827 1366 commixtis
848 1312 877 1365 et
896 1307 985 1386 tritis,
1006 1305 1071 1366 oleo
1091 1314 1120 1366 et

107 1396 177 1454 vino
212 1392 350 1455 similiter
386 1394 558 1471 temperatis
595 1395 690 1453 curati
723 1401 793 1454 sunt
824 1394 1004 1473 frequenter.
1050 1396 1120 1456 huie

105 1483 324 1565 medicamento
348 1483 437 1541 etiam
460 1480 569 1559 lycium
592 1481 724 1542 indicum
748 1483 970 1544 admiscendum
994 1491 1047 1545 est.

198 1573 225 1632 si
251 1570 403 1648 ragadium
435 1570 545 1629 iactum
572 1569 675 1649 fuerit,
706 1570 763 1630 hoo
791 1572 1006 1633 medicamento
1034 1569 1149 1651 prius8

106 1677 162 1720 nos
190 1661 235 1720 uti
263 1661 430 1738 conveniet,
458 1676 494 1717 ex
523 1657 587 1717 oleo
615 1676 702 1719 roseo
730 1661 800 1719 trito
829 1660 890 1719 solo
919 1663 950 1720 in
981 1660 1119 1739 plumbeo
1135 1675 1155 1712 1²

106 1766 176 1808 vase
200 1754 230 1808 et
256 1746 368 1826 pistillo
392 1744 482 1806 simili
509 1764 605 1824 usque
633 1748 665 1805 in
691 1747 903 1824 pinguedinem
930 1747 1027 1808 mellis
1051 1767 1119 1808 con-

107 1836 195 1897 iecto.
227 1852 296 1895 nam
313 1842 342 1895 et
361 1837 525 1895 caricarum
543 1836 699 1913 pinguium
719 1833 941 1894 combustarum
962 1839 1037 1895 cinis
1051 1839 1119 1896 vino

181 1977 195 2024 1
215 1985 300 2038 quae:
320 1969 369 2038 qui
386 1969 478 2036 rdet,
496 1968 572 2035 quod
589 1968 625 2022 B.
707 1966 840 2021 habuerit
856 1969 885 2021 Β
898 1967 1070 2037 (adhibuerit
1087 1971 1121 2039 r),

106 2040 260 2096 habuerint
283 2040 342 2096 eei.
361 2040 406 2108 (os.
425 2038 502 2093 Plio.
522 2043 574 2106 12,
590 2040 646 2106 29).
719 2078 722 2084 .
769 2044 784 2091 2
808 2037 936 2092 contritis
957 2039 1020 2093 rB:
1044 2038 1120 2094 tritis

104 2113 193 2169 odei.
284 2116 300 2163 3
315 2109 440 2163 indicum
458 2110 493 2163 rb
505 2109 578 2164 Get:
600 2107 665 2162 inde
684 2107 857 2178 eon(tritnm)
871 2111 906 2164 Β,
980 2115 996 2162 4
1015 2111 1120 2179 tempe-

105 2185 170 2238 rato
188 2199 216 2238 r:
236 2181 332 2233 —tum
350 2181 377 2234 B
388 2180 446 2235 oei.
562 2178 741 2232 adhibuimus
760 2181 808 2234 rB
819 2181 890 2235 Gai:
910 2179 1077 2233 adhibemus
1096 2182 1119 2237 b.

107 2259 125 2306 4
143 2252 190 2308 cui
207 2254 243 2308 rb
255 2251 325 2307 Get:
350 2252 379 2304 et
400 2251 436 2304 B.
566 2254 582 2303 5
607 2249 844 2319 superadieeimus
867 2269 882 2305 r
891 2251 962 2306 Get:
987 2250 1120 2305 -icimns

106 2324 136 2378 B
159 2320 405 2404 (superaddimus
432 2321 465 2388 b).
574 2325 590 2374 6
614 2322 658 2373 est
680 2322 708 2374 et
730 2321 783 2375 boo
805 2321 864 2376 rBz
890 2321 943 2374 hoc
966 2321 1048 2376 odei.

109 2400 124 2448 7
144 2392 235 2447 uncris
259 2391 377 2462 singulis
395 2392 435 2445 B:
461 2390 561 2444 unciae
586 2390 714 2459 singulae
735 2392 793 2447 uei.
813 2394 879 2460 (ana
897 2392 1018 2461 ÷1.o)‚
1037 2409 1086 2448 orn.
1106 2411 1122 2450 r

105 2468 181 2532 (cum
198 2480 267 2544 capp.
285 2479 370 2532 aeque
388 2463 426 2517 ad
444 2466 488 2517 an.
503 2466 538 2529 ᾧ
553 2462 590 2527 S).
664 2478 785 2517 crocum:
806 2461 846 2515 sic
865 2463 893 2516 B
904 2464 962 2519 uer.
977 2465 1026 2533 (io.
1042 2464 1075 2534 b).

106 2535 139 2589 in
162 2552 183 2590 s.
208 2531 326 2603 singulis
345 2533 385 2587 B:
412 2548 533 2587 semunc.
558 2531 686 2603 singulae
711 2533 769 2588 Ger.
782 2535 848 2601 (ana
863 2540 879 2586 t
895 2535 923 2602 b,
948 2539 992 2589 an.
1007 2534 1072 2602 >S
1086 2537 1119 2604 r).

107 2612 125 2660 9
149 2605 261 2660 coctum
284 2605 314 2657 et
335 2602 435 2657 tritum
454 2605 552 2660 euers
572 2603 645 2657 cocti
666 2602 766 2656 tritum
783 2621 811 2672 r,
836 2605 946 2658 coetum
968 2605 1067 2659 tritum
1084 2606 1119 2660 B.

108 2682 143 2730 10
160 2690 241 2729 roseo
260 2675 296 2729 rb
308 2675 380 2730 Get:
399 2691 449 2729 om.
465 2675 487 2730 b.
562 2680 593 2726 11
615 2675 844 2743 oesypocerotum
858 2676 903 2744 (cf.
917 2675 1011 2731 Diose.
1022 2683 1051 2744 2,
1061 2678 1121 2746 ab:

105 2762 196 2817 ysopo
215 2746 308 2799 ceroto
328 2747 352 2812 b,
371 2745 401 2799 et
419 2761 487 2814 sopo
506 2746 631 2799 cerotum
643 2746 680 2813 B,
699 2746 728 2799 et
741 2745 848 2815 hysopo
867 2748 992 2800 cerotum
1008 2748 1076 2815 Gai,
1093 2749 1122 2801 et

106 2833 229 2886 ysopum
247 2816 372 2869 cerotum
390 2833 413 2870 r.
496 2821 528 2868 12
547 2814 643 2869 mixtis
663 2816 692 2868 et
709 2815 785 2869 tritis
803 2833 827 2884 r,
845 2815 921 2870 tritis
940 2816 1066 2870 inmixtis
1085 2818 1121 2872 Β.

107 2894 143 2943 14
165 2889 211 2943 hic
233 2888 297 2941 odd.
318 2888 333 2940 b
355 2885 462 2940 lentem
483 2887 657 2940 combustam
679 2893 727 2942 etc.
747 2887 777 2955 (2
794 2890 905 2955 ceraue).
948 2889 1045 2943 deinde
1068 2904 1119 2958 seq.

105 2975 168 3029 cap.
179 2958 215 3012 de
229 2955 343 3027 siringis
354 2959 399 3023 (=
413 2958 492 3023 infra
505 2975 526 3012 e.
538 2957 660 3026 XXXI)
676 2958 763 3012 locum
777 2959 809 3012 de
822 2959 948 3028 repudiis
957 2960 1122 3028 praecederes

107 3031 152 3100 (in
171 3030 206 3099 b),
225 3030 273 3098 qai
295 3029 335 3082 sic
352 3029 515 3083 inscribitur
532 3026 573 3081 De
591 3026 716 3097 ragadiis
735 3027 765 3080 in
784 3044 837 3081 ano
856 3029 1045 3084 nascentibus.

107 3103 142 3154 15
160 3099 215 3152 hoc
232 3116 269 3152 m.
288 3097 366 3166 prius
380 3104 430 3152 ret
443 3100 503 3167 (orn.
523 3097 658 3167 priusiB:
680 3097 746 3151 huie
759 3116 795 3153 m.
810 3098 897 3168 priori
912 3100 970 3154 uer.
1027 3105 1060 3154 16
1070 3117 1121 3154 nos

106 3169 151 3224 uti
169 3169 264 3224 rGel.:
283 3168 326 3221 uti
344 3184 394 3221 nos
413 3168 448 3223 B.
568 3184 603 3222 ex
621 3167 682 3222 oleo
701 3184 780 3222 roseo
798 3170 893 3224 rGei.:
912 3169 950 3223 Et
968 3169 1061 3224 oleum
1078 3187 1121 3224 ro-

106 3256 188 3296 seum
206 3240 241 3295 B.
314 3238 383 3293 trito
402 3237 462 3293 solo
480 3240 569 3310 r(om.
590 3240 671 3308 Geli:
692 3238 782 3293 solum
799 3239 899 3294 tritum
917 3240 953 3295 B.
1042 3247 1073 3295 17
1094 3245 1123 3295 et

105 3330 135 3384 p.
156 3311 229 3368 Get:
248 3311 278 3363 et
296 3325 374 3391 exp.
393 3310 441 3363 rB
459 3310 543 3378 (hunc
565 3311 653 3365 locum
677 3312 717 3365 sio
735 3311 763 3366 b:
791 3308 884 3364 oleum
905 3327 1017 3365 roseum
1034 3311 1065 3364 in
1082 3310 1121 3380 pl.

105 3380 275 3437 mortarium
288 3378 434 3434 mittimus.
455 3381 484 3434 et
497 3397 560 3434 oum
573 3380 628 3434 tali
640 3379 762 3450 pastello
776 3397 864 3449 usque
879 3381 917 3434 ad
930 3399 966 3436 m.
981 3400 1007 3450 p.
1022 3381 1122 3434 tritum

106 3451 291 3523 inungimus).
354 3450 446 3505 mellis
465 3468 514 3506 orn.
530 3452 580 3506 rB.
654 3451 781 3506 confecto
801 3451 871 3521 eea,
889 3453 957 3506 -rn
975 3470 1007 3506 rx
1024 3467 1080 3506 ont.
1091 3453 1135 3503 B.

107 3528 144 3579 1⁸
161 3539 230 3578 nam
248 3523 278 3577 et
297 3522 394 3577 odera
415 3523 444 3575 et
461 3522 514 3578 rB.
