2288 3878
72 144 139 209 354
405 139 751 193 renunc-mnenon

72 304 170 359 lorem.
193 300 283 355 herba
306 299 451 354 artemisia
474 297 655 353 monoclcnos
674 298 750 354 sicca
774 300 804 353 ct
826 299 857 353 in
879 299 1025 370 pulverem
1046 317 1092 355 re·

74 385 160 439 dacta
187 398 251 435 cnm
278 378 371 434 mulsa
396 378 478 448 potui
506 379 576 433 data
602 377 730 435 matricis
757 377 886 435 dolorem
907 381 938 434 st
963 381 1093 435 omnium

73 464 285 519 interaneomm
293 458 379 515 tollit.
395 459 465 513 item
478 458 516 513 ad
530 457 657 515 dolorem
665 457 800 515 matricis.
819 458 899 530 potio
914 460 952 513 ad
962 477 1093 515 somnum

75 547 104 598 et
122 557 234 597 omnem
252 540 386 595 dolorem.
410 537 470 609 apii
488 537 617 608 seminis,
639 538 700 608 opii
716 555 774 608 ana
790 539 854 598 ÷1
872 538 955 595 dabis
973 539 1005 593 in
1023 539 1092 595 vino

48 621 160 681 adulci.
190 620 260 675 item
287 620 325 673 ad
350 617 478 674 matricis
502 617 628 675 dolorem
650 621 680 674 et
702 618 944 689 praefocationem
970 622 1001 674 et
1027 637 1094 674 ner-

74 718 174 756 vorum
192 698 345 769 passiones.
365 697 461 767 spicae
480 697 601 767 indicae,
619 696 698 768 folii,
716 699 827 754 stafidis
846 699 955 769 agnae,
980 699 1093 756 cassiae

74 798 131 836 ana
145 793 181 839 -·,-
194 779 216 847 I,
235 777 307 832 costi
320 793 356 838 -ζ-
365 777 413 846 ΙΠ,
427 777 502 833 croci
515 790 552 836 ÷
565 778 586 847 Ι,
605 795 716 835 murrae
729 791 766 839 ÷
779 779 815 849 11,
833 778 929 849 cyperi
943 780 1019 851 scrip
1028 781 1093 850 ΠΗ,

75 861 149 914 ireos
168 859 242 928 -1-1,
266 857 408 912 medullae
427 857 558 912 cervinae
576 858 651 928 ÷1,
674 875 756 915 cerae
779 859 912 930 ponticae
930 872 966 920 ÷
979 861 1013 917 Π.
1044 862 1093 916 de·

76 956 179 1009 coques
207 955 272 992 cum
295 936 413 992 defricto
437 936 468 991 in
489 937 605 992 modurn
626 938 733 1008 mellis,
761 942 862 1009 postea
883 939 1040 995 medullam
1064 945 1093 996 et

35 1032 62 1071 10
76 1037 170 1074 ceram
188 1017 371 1074 commiscens
389 1033 503 1086 pessum
520 1015 617 1086 facies,
636 1021 665 1074 et
683 1019 780 1074 uteris.

213 1097 312 1168 Explie
330 1096 471 1153 'Iteodori
489 1096 628 1153 Prisciani
646 1098 782 1154 archiatri
801 1098 952 1170 Gynaecia.

148 1282 162 1329 1
183 1276 272 1330 herba
290 1274 354 1330 artli
371 1320 376 1330 .
393 1319 399 1329 .
415 1317 421 1328 .
435 1274 512 1327 sicca
529 1282 576 1330 ete.
596 1277 612 1329 b
631 1283 656 1330 et
674 1278 734 1344 (om.
753 1274 852 1345 herba)
869 1295 896 1331 a.
994 1293 1093 1332 mono-

77 1347 173 1401 clonos
193 1347 327 1416 (-donos
346 1349 373 1417 p)
392 1348 431 1417 bp
451 1347 496 1412 (cf.
515 1346 609 1402 Dicae.
628 1350 656 1413 3,
675 1348 753 1415 112).·
771 1364 822 1403 cm.
841 1365 867 1402 a.
993 1353 1009 1400 2
1029 1365 1095 1402 cum

77 1434 152 1486 aqua
171 1419 200 1471 et
218 1417 310 1472 mulsa
327 1437 353 1489 p.
427 1417 497 1471 data
515 1418 543 1472 b:
564 1417 601 1470 da
618 1435 643 1488 9,
663 1417 688 1473 ai
706 1417 818 1472 dederis
837 1437 862 1474 a.
926 1417 1094 1474 matricis—

77 1488 155 1543 tolIIt
174 1490 203 1543 b:
228 1487 306 1542 valet
324 1508 350 1558 a,
369 1505 419 1543 cm.
438 1505 456 1558 9
474 1504 536 1542 cum
553 1504 621 1558 seqq.
641 1506 725 1559 ceptae
743 1490 781 1544 od
797 1490 885 1556 finem.
905 1491 955 1560 pat
972 1492 1059 1546 codex
1077 1510 1096 1563 9

77 1576 170 1616 eoram
187 1561 243 1614 elce
260 1560 326 1614 haec
339 1559 432 1614 aliem
446 1559 538 1614 addit:
556 1558 628 1613 Item
642 1559 680 1612 ad
693 1559 766 1614 vitia
780 1559 943 1628 omniaque
958 1559 989 1615 in
1006 1561 1096 1616 vulva

76 1630 184 1685 fuerint
203 1632 341 1684 storacem
356 1647 419 1684 oum
434 1629 496 1684 ole'o
510 1645 591 1684 roseo
605 1646 719 1699 pessum
732 1629 814 1685 inice.
834 1631 906 1685 Item
920 1631 958 1684 ad
976 1631 1096 1686 volvam

77 1719 131 1772 que
150 1703 239 1771 putet.
259 1701 505 1772 auripigmentum.
525 1703 634 1754 cartam
648 1701 831 1756 combustam.
852 1701 969 1771 sulphur
986 1703 1094 1758 rivum.

77 1773 165 1830 tunde
184 1775 216 1827 ut
234 1771 311 1826 lenia
330 1772 394 1827 sint.
421 1771 498 1826 intus
521 1787 647 1841 asperge.
672 1774 701 1826 et
723 1772 791 1827 lana
815 1773 935 1841 cooperi.
963 1773 1038 1828 Item
1056 1776 1095 1829 ad

78 1845 238 1901 eiciendum
259 1846 373 1914 partum
396 1843 541 1912 optimum.
565 1842 669 1912 Accipe
693 1860 791 1898 sucum
814 1843 891 1913 porri
914 1846 943 1898 et
961 1843 1095 1915 intingue

78 1917 174 1972 lanam
193 1933 227 1970 ex
246 1931 287 1970 eo.
307 1918 336 1969 et
355 1930 480 1984 suppone
499 1919 603 1984 (sepe.
620 1915 717 1982 XXI).
814 1920 830 1968 3
848 1914 928 1984 potio
947 1922 994 1970 etc.
1016 1918 1044 1971 b:
1066 1920 1096 1971 et

31 2037 35 2044 .
79 2005 207 2042 somnum
225 1986 429 2056 capescendum
446 1984 526 2055 potio
545 2004 570 2039 a.
657 1991 742 2054 lpro
761 2001 816 2039 ana
834 2004 853 2040 a
870 1987 950 2040 habet
967 1988 1096 2056 stapulas

77 2062 176 2115 uaeas
195 2059 288 2127 (÷1.
305 2101 311 2112 .
327 2101 332 2112 .
347 2057 427 2126 ÷1).
477 2055 509 2108 in
527 2074 552 2110 v.
573 2056 592 2108 d
619 2057 648 2111 b:
667 2073 732 2110 cum
749 2075 775 2112 r.
795 2056 822 2110 d.
841 2056 872 2110 in
891 2058 1094 2126 sero'(add.)c.

79 2139 95 2186 6
116 2129 184 2199 spir
207 2128 308 2183 indice.
333 2126 406 2182 Folii
429 2125 518 2180 indici
542 2125 658 2180 stafinis.
684 2126 780 2200 Cassie
805 2144 861 2182 ana
874 2127 982 2186 ÷1e=
1009 2127 1095 2198 Spica

79 2200 183 2255 indica.
203 2200 304 2255 Stafisa
341 2198 366 2271 'e
385 2211 421 2257 ÷
438 2197 458 2251 1.
479 2195 694 2255 Cassie÷1a
770 2197 871 2253 Icosti
884 2205 910 2253 et
928 2198 1012 2268 croci,
1031 2201 1097 2255 item

79 2272 153 2327 ireos
171 2279 196 2326 et
214 2217 405 2325 medulienom.
425 2287 451 2324 a.
487 2337 493 2348 .
538 2266 612 2338 scrip
630 2270 658 2324 b:
679 2270 698 2323 9
716 2287 743 2324 a.
817 2268 953 2339 8puniee
972 2270 1021 2324 ba.

80 2349 96 2397 9
116 2358 205 2410 eoque
223 2360 249 2396 a.
341 2346 374 2393 10
394 2354 576 2394 commacens
595 2341 624 2394 b:
643 2340 717 2394 adde
736 2359 761 2395 a.
835 2340 913 2394 etin
932 2356 961 2394 se
1000 2357 1096 2395 essum

79 2412 133 2467 fac.
154 2415 183 2466 et
201 2415 288 2466 utere.
317 2409 462 2465 Genetia
481 2408 628 2479 explicit
646 2429 671 2464 a.
755 2417 787 2465 11
802 2411 842 2466 ee'c
859 2413 875 2466 b
893 2413 952 2479 (abl
996 2412 1096 2486 eneeip

80 2484 148 2550 cod,
165 2484 198 2536 ta
216 2499 268 2552 quo
287 2484 414 2551 leputatur
429 2486 524 2550 postea
542 2481 633 2535 additi
650 2498 742 2538 ceraue
761 2488 890 2565 quatuor
928 2482 989 2537 lace
1008 2485 1097 2539 alieni

80 2554 122 2607 De
140 2552 375 2621 vinaticorum.
394 2569 412 2622 9
429 2551 478 2605 aba·
495 2567 595 2605 nocam
613 2568 672 2622 cap.
691 2560 813 2623 aequatur
826 2552 891 2606 XXI
935 2569 950 2607 e
968 2553 1096 2608 mulieri-

80 2625 133 2678 bus
152 2625 259 2676 utnon
282 2621 414 2676 abortant
424 2637 477 2690 pre
495 2638 517 2676 c.
529 2622 561 2675 X
572 2639 658 2691 supra
676 2625 924 2691 omisso-additura,
943 2633 1096 2694 aequantur

81 2695 178 2750 deinde
188 2702 251 2764 post
268 2693 378 2761 finituma
392 2694 492 2747 librum
506 2695 629 2762 almam
646 2694 833 2764 geneciorum‚
848 2696 971 2763 capitale
984 2693 1053 2748 libri
1060 2696 1095 2751 II.

81 2764 213 2819 theodori
235 2762 370 2834 prisciani
393 2781 454 2819 casm
474 2765 587 2835 prolope
604 2771 630 2821 et
650 2772 726 2821 matu
743 2783 822 2835 capp.
841 2769 880 2819 28
900 2767 969 2833 (tad.
988 2769 1039 2834 26)
1061 2799 1095 2807 -

79 2839 179 2906 aporia
200 2837 265 2892 hoec
287 2836 380 2892 omnio
397 2835 441 2892 cel
460 2837 554 2904 petias
581 2837 727 2906 dupliciter
748 2837 858 2906 sparta,
881 2853 950 2906 qaae
973 2837 1035 2891 licet
1058 2839 1097 2893 ad

86 2907 182 2975 Wolfie'
199 2927 263 2981 pyra.
282 2909 427 2963 editionem
445 2907 650 2978 iutellt'peodam
667 2908 845 2977 sentcntiae
863 2908 962 2962 omitte.
