2288 3878
91 182 135 246 38
235 258 241 269 ι
402 183 592 235 rnaonoiu
609 182 788 235 rauciens

29 334 33 343 ’
92 348 251 429 pebrarum
283 350 454 427 emerserit,
486 346 640 408 linteolum
667 346 812 408 mundum
838 346 947 427 butyro
975 349 1112 410 intusum

66 717 79 757 b

40 1143 81 1208 37

53 1250 78 1289 11

53 1601 80 1642 15

93 439 335 517 superimponito.
382 435 473 515 aliqui
497 454 566 497 vero
589 453 731 496 umorem·
749 443 945 515 procurantes
968 436 1110 499 lacrimas

92 534 143 589 aut
169 526 250 587 fumo
275 532 326 586 aut
352 533 468 586 terrore
491 524 537 585 vel
559 523 654 603 plagis
677 524 896 603 extorquendas
920 543 988 587 esse
1013 526 1109 587 credi-

92 616 209 677 derunt.
255 633 325 674 sane
349 616 375 673 si
399 616 430 673 in
452 616 549 693 prima
569 612 648 673 oculi
670 614 771 674 tunica
794 615 957 701 sanguinea
980 616 1107 676 nimium

92 704 185 765 veluti
216 721 284 763 caro
316 704 487 782 apparuerit
519 720 608 781 quam
635 702 789 762 cbemosin
820 700 1021 783 appellamus,
1052 704 1108 764 boc

92 788 247 855 adiutorio.
262 797 390 851 curatur.
437 808 554 851 muscas
577 808 666 869 quam
688 790 832 870 plurimas
851 809 919 851 cum
939 794 988 870 ovi
1007 791 1106 853 vitello

92 882 273 943 conterimus
306 887 335 939 et
366 881 398 938 in
429 878 551 939 linteolo
579 879 689 940 mundo
722 879 1007 958 superimponimus.
1038 880 1108 941 licet

92 972 181 1030 etiam
209 967 338 1046 collyriis
367 969 456 1027 variis
484 974 513 1028 et
541 986 646 1029 musae
674 966 913 1047 competentibus
939 986 1030 1049 saepe
1058 988 1107 1030 cu-

92 1061 150 1119 rati
173 1060 240 1118 sint.
555 1064 585 1134 j
961 1048 966 1055 ’

181 1148 333 1223 serniosos
360 1144 476 1225 oculos,
508 1163 581 1222 quas
609 1163 663 1205 nos
691 1147 880 1224 impetigines
908 1144 1054 1226 dicimus,
1080 1152 1109 1206 et

93 1237 261 1314 asperitatis
280 1236 360 1295 vitiis
379 1233 557 1313 laborantes,
576 1236 619 1294 sie
639 1251 743 1295 curare
762 1234 983 1293 consuevimus.
1019 1233 1107 1296 alium

93 1325 268 1403 accipimus,
295 1325 327 1383 in
354 1324 440 1383 cuius
468 1322 607 1382 encardio
634 1321 738 1382 bacula
766 1320 965 1401 spatbomeles
993 1322 1107 1384 occulta

92 1418 308 1489 postquamex
332 1429 367 1471 eo
386 1429 520 1472 umorem
544 1409 590 1470 vel
611 1428 716 1472 sucum
739 1404 886 1489 rapuerit,
913 1412 1106 1490 inunguimus

93 1505 123 1559 et
147 1517 182 1559 ex
206 1516 241 1558 eo
264 1501 397 1576 pruritus
420 1506 450 1559 et
473 1517 562 1577 supra
586 1498 664 1560 dicta
687 1500 759 1559 vitia
782 1498 992 1578 depurgamus.
1095 1556 1103 1575 ,

182 1585 270 1647 aliud.
308 1604 398 1664 grana
420 1590 513 1648 tritici
541 1589 573 1647 in
597 1586 736 1648 lammina
766 1587 839 1647 serri
864 1586 961 1648 calida
987 1589 1105 1668 impono

93 1685 123 1736 et
150 1675 288 1735 similiter
319 1692 355 1734 ex
387 1694 457 1735 suco
491 1678 543 1754 qui
575 1678 739 1737 manaverit
771 1678 904 1754 inungue
942 1694 1013 1737 cum
1042 1679 1105 1737 rino

163 1923 179 1972 2
209 1916 298 1985 aliqui
313 1961 317 1971 .
331 1961 351 1971 ..
366 1918 548 1986 procurantes
568 1918 583 1972 b
600 1917 657 1972 Get.
678 1917 819 1985 (curantes
837 1919 875 1986 r):
899 1914 1105 1986 Aliquibus...

92 1987 309 2059 procurantibus
328 1988 363 2042 B.
398 1989 464 2042 boec
487 1987 639 2057 (aliqui—8
662 1987 851 2056 crediderunt)
873 1988 919 2042 bic
942 2004 994 2043 om.
1013 2007 1042 2055 r,
1065 1988 1107 2044 aad

92 2062 170 2129 iufra
187 2061 295 2130 supplet
309 2065 374 2128 post
391 2057 472 2111 iuvat
485 2076 514 2127 p.
532 2063 576 2127 39,
596 2065 624 2114 2.
756 2063 772 2111 a
791 2057 972 2112 crediderunt
990 2061 1028 2116 rb
1038 2060 1107 2116 oa:

92 2131 230 2186 credimus
250 2131 285 2185 B.
393 2133 410 2183 4
430 2124 477 2182 ἐπὶ
494 2133 531 2201 τῷ
550 2130 734 2200 saporositas*
746 2130 840 2199 yrias.
861 2127 935 2184 Oeae.
951 2136 1042 2200 pabo,
1057 2132 1105 2198 15).

91 2202 210 2257 nimium
227 2204 264 2257 rb
275 2202 345 2256 Get:
364 2199 454 2254 nimia
468 2201 502 2254 Β.
611 2206 628 2254 t
647 2199 769 2255 cemosin
784 2218 807 2269 r,
827 2198 982 2254 obemosim
996 2202 1026 2257 b:
1044 2200 1107 2255 bne·

91 2270 183 2329 mo'sin
212 2275 283 2341 Get,
311 2287 454 2326 mamoson
481 2272 517 2327 B.
554 2273 622 2326 citat
649 2270 714 2326 Sim.
743 2272 805 2326 Iao.
834 2287 855 2325 s.
885 2270 1034 2328 chemosis.

10 2390 14 2397 .
93 2349 221 2399 scensas
235 2347 275 2413 (et
288 2359 372 2398 cause
381 2346 406 2412 r)
421 2341 644 2412 competentibus
660 2342 719 2397 Br:
739 2343 768 2396 et
782 2340 1009 2410 competentibus
1024 2343 1106 2399 tce.

94 2418 127 2467 10
150 2412 322 2470 serniososr
344 2416 387 2483 (iss
408 2430 457 2469 suo
485 2415 542 2468 cod.
566 2415 631 2485 teuit
654 2415 736 2468 etiam
759 2412 823 2468 Sim.
845 2414 910 2467 Iun.
926 2438 961 2459 =
980 2429 1109 2479 ramosos

93 2483 167 2541 ,Gaea
184 2484 244 2539 Fet.
261 2491 278 2539 7
296 2487 331 2552 es.
346 2486 404 2540 iud.
423 2501 443 2540 a.
463 2500 554 2552 cerna,
574 2487 728 2552 carnosum:
747 2482 891 2538 vemiosos
905 2484 943 2552 Β,
965 2483 1109 2539 derbiosos

95 2555 153 2609 Get.
173 2556 232 2624 (poi
250 2572 299 2610 om.
320 2554 435 2625 oculos),
454 2573 503 2611 om.
524 2558 548 2624 b,
610 2556 741 2610 ‘breoiue
758 2557 824 2609 baec
841 2556 924 2610 dedit.
1039 2571 1109 2623 ¹verro

35 2644 48 2665 ·
93 2626 168 2693 (aute
186 2627 238 2695 oc.)
256 2627 320 2681 odd.
341 2626 376 2680 B.
467 2642 537 2695 quas
586 2644 611 2681 r:
631 2641 701 2694 quos
720 2626 778 2680 Get.
882 2624 1058 2698 inpetigines
1075 2626 1109 2694 Β,

92 2695 233 2764 petigines
250 2697 307 2751 Get.
327 2698 371 2765 (cf.
392 2699 407 2751 b
426 2696 584 2779 Inpetigine
603 2698 633 2751 et
651 2695 805 2766 asperitate
823 2695 989 2750 laborantes
1007 2695 1051 2752 sio
1064 2712 1108 2751 cn·

93 2765 237 2836 nubimus).
385 2773 415 2822 11
436 2770 589 2837 asperitate
606 2767 671 2821 vitii
690 2766 777 2821 simili
795 2765 814 2821 1.
836 2767 903 2833 oe,
923 2783 955 2821 as
994 2767 1109 2823 titutum

93 2838 168 2906 (-»te
185 2840 210 2907 r)
229 2836 311 2892 viciis
330 2837 349 2893 l.
369 2839 425 2895 Br.
500 2845 531 2893 12
551 2837 717 2909 incardioba
735 2839 880 2892 canstrata
895 2840 900 2907 Ι
915 2854 961 2892 me
989 2838 995 2850 '
1031 2855 1109 2894 occu·

92 2908 143 2963 bia
162 2911 191 2963 et
207 2927 234 2978 p.
249 2909 297 2974 B,
318 2908 414 2963 cardia
437 2909 540 2964 bacam
562 2912 645 2980 spato
671 2909 752 2964 melis
782 2908 893 2963 occulto
917 2911 946 2963 et
968 2928 996 2979 p.
1015 2928 1047 2978 r,
1069 2909 1109 2963 in·

94 2978 190 3034 sardio
209 2995 279 3034 vasa
298 2979 467 3049 spatomeles
486 2980 596 3036 occulto
615 2982 644 3035 et
656 2999 683 3050 p.
701 2980 759 3036 cet.
780 2981 824 3049 (ef.
845 2982 874 3034 b:
893 2981 922 3034 et
940 2979 972 3034 in
991 2980 1053 3036 eius
1070 2980 1108 3035 in·

93 3049 274 3105 cardiouacla
296 3050 389 3105 mellis
413 3051 522 3106 occulte
544 3051 677 3106 fricamus
706 3054 735 3106 et
757 3051 902 3106 humorem
924 3050 972 3105 vel
997 3068 1108 3107 succum

94 3130 178 3189 qu'em
191 3124 275 3176 nacla
289 3138 323 3176 ex
338 3138 376 3176 eo·
386 3122 543 3191 sumpserit.
569 3122 687 3202 angulos
706 3123 752 3178 vel
771 3121 866 3176 oculos
884 3121 1106 3192 inunguimns...

94 3198 127 3245 12
145 3192 262 3247 bacula:
280 3199 393 3262 πυρῆνα
411 3191 499 3262 μήλης
517 3192 655 3257 καθέντες
672 3211 712 3264 pr.
733 3193 816 3261 XIV,
835 3197 896 3248 343.
1008 3199 1043 3248 la
1060 3193 1106 3247 bn·

93 3279 170 3318 more
188 3263 234 3321 vel
252 3279 318 3318 suco
337 3265 392 3319 Br.
483 3264 644 3336 inungimus
666 3266 738 3320 Get:
757 3264 787 3317 in
866 3263 940 3332 eB,
964 3279 1070 3334 -gnso
1086 3280 1105 3318 r.

94 3339 128 3387 14
160 3334 348 3405 depurgamus
381 3334 456 3404 cei,
491 3351 623 3407 -gemus
649 3337 677 3391 b:
711 3334 876 3405 depurga‘o
906 3335 962 3390 rB.
1004 3352 1007 3359 ·
1076 3336 1104 3387 tt

92 3403 123 3459 in
150 3404 221 3474 la(m
234 3404 353 3475 Bimina
380 3407 429 3462 rB
456 3406 563 3475 (Gema
592 3422 677 3476 snpra
704 3405 841 3460 laminam
863 3406 886 3460 b.
996 3405 1104 3477 impono

88 3476 211 3532 rouel:
238 3476 352 3548 impone
369 3478 404 3534 Β,
516 3481 550 3529 lt
575 3476 701 3548 inunguo
726 3477 798 3532 Get:
823 3491 913 3546 -gue
927 3476 968 3544 B,
994 3492 1062 3549 -ge
1083 3475 1104 3540 b,

77 3563 240 3616 —guemus
254 3568 277 3606 r.
