2310 3864
77 151 142 217 438
478 154 683 206 vnmrcnm

114 315 169 382 (10)
194 312 309 382 pulmo
328 312 423 365 autem
441 312 537 364 noster
555 312 585 364 et
648 313 704 380 (10)
730 309 826 380 pulmo
854 311 952 364 autem
974 309 1037 380 ipse
1064 310 1097 365 in

78 383 109 436 in
131 383 215 437 modo
242 399 344 436 causae
371 381 471 436 ferrari
497 380 583 436 follis.
611 381 728 435 modum
744 379 945 435 fabriferrarii
963 379 1043 435 follis
1058 381 1098 435 si-

78 453 176 509 taliter
198 453 209 506 i
230 471 292 507 sum
318 451 408 506 trahit
433 454 462 506 et
484 450 585 520 implet
611 450 689 505 milis
719 454 763 506 est
790 451 928 506 alterutro
960 451 1097 521 spiritum

78 524 201 593 pectoris
210 472 316 578 locum.
336 540 403 576 nam
416 522 457 576 ibi
473 524 502 575 et
515 520 585 575 isto-
612 525 685 592 (spu)
708 523 805 576 tradet
827 521 901 594 <alii
927 521 1005 576 foras
1028 524 1095 578 odd.

78 604 175 648 macus
194 597 223 649 et
241 597 339 649 ventre
353 595 383 647 et
397 592 585 646 coniunctum
611 593 650 665 o>
674 591 813 662 adimplet
839 591 964 662 pectoris
992 592 1096 648 locum.

79 668 123 719 est
141 665 216 720 inter
234 665 305 718 duas
318 679 426 734 pennas
442 661 584 732 pulmonis
612 680 680 716 nam
712 663 873 717 stomachus
905 663 1002 716 ventri
1029 679 1098 717 oon-

80 735 130 808 <in
163 735 289 789 medium
316 737 360 789 cst
390 749 482 803 penne
509 736 585 803 (-ιῖ)
612 733 725 788 iunctus
754 737 805 788 est.
839 734 890 788 sed
916 733 993 787 inter
1024 734 1097 788 duas

79 826 176 877 autem
193 822 360 892 pulmonum
377 807 504 892 (pulr‘rir'i).
523 822 583 877 ΠΠ.
611 805 714 886 Rimas
728 804 869 873 Pfflm⁰¹¹i⁸
888 803 920 857 1¹¹
934 804 1032 858 m0ffi0
1046 821 1097 874 ΡΟ·

79 896 111 947 ia
128 893 213 966 rua).
233 910 299 948 nam
318 896 347 947 et
362 892 500 947 foramine
519 895 585 946 sunt
612 878 684 929 ⁸1l¹¹⁸
702 877 753 929 θεῖ·

80 964 265 1033 inpulmones.
285 963 499 1032 quatuordecim
513 979 585 1030 quas

80 1034 158 1103 greci
174 1034 317 1104 principes
335 1036 446 1088 vocant.

115 1196 171 1262 (11)
185 1209 242 1247 eor
256 1194 352 1245 autem
360 1194 489 1246 nostrum
497 1208 584 1245 venas
648 1193 704 1261 (11)
723 1207 771 1244 cor
785 1193 881 1245 autem
896 1194 1028 1246 nostrum
1045 1192 1097 1246 ha·

78 1263 167 1317 habet
190 1265 324 1332 quattuor
348 1262 418 1316 duas
442 1260 584 1331 spiritales
611 1261 662 1316 bet
679 1277 766 1315 venas
786 1264 927 1328 quattuor.
949 1262 1021 1316 duas
1039 1263 1096 1332 spi-

78 1335 109 1387 et
128 1333 198 1386 duas
218 1332 406 1402 sanguinales.
431 1331 480 1400 qui
503 1332 585 1402 spiri-
612 1331 711 1386 ritales
739 1334 768 1385 et
798 1332 868 1386 duas
902 1332 1095 1402 sanguinales.

78 1402 153 1456 tales
176 1406 243 1456 sunt
267 1402 414 1457 continent
437 1402 584 1472 pulmones
648 1419 772 1471 nquam
797 1419 850 1471 per
871 1405 966 1456 totum
992 1420 1096 1474 corpus

78 1489 134 1540 que
154 1476 220 1526 sunt
238 1472 419 1542 sanguinales
438 1473 585 1528 continent
624 1475 689 1527 acta
714 1475 758 1526 est
782 1473 981 1528 concatenatio
1008 1491 1097 1529 vena-

78 1543 162 1598 iecor.
186 1542 239 1596 hoc
263 1545 306 1597 est
324 1543 408 1597 ficato
430 1560 482 1613 per
500 1561 585 1613 quam
612 1561 681 1598 rum.
720 1545 749 1596 et
780 1559 831 1613 per
861 1543 940 1613 ipsas
978 1545 1096 1614 sanguis

80 1612 196 1683 spiritus
216 1615 245 1667 et
263 1629 363 1682 corpus
382 1613 490 1668 factum
506 1617 584 1683 (-us
612 1613 775 1669 effrmditur.
808 1617 838 1668 et
867 1613 908 1668 sic
935 1630 1008 1669 vene
1034 1615 1097 1684 ipse

79 1692 143 1740 onte
165 1687 231 1754 ras.)
254 1686 305 1738 est.
331 1684 515 1765 congregatio
538 1701 584 1739 ve·
612 1684 725 1754 pulmus
739 1684 866 1739 reddent.
884 1684 983 1754 pulsus
998 1689 1098 1740 autem

78 1772 179 1809 narum
197 1755 272 1810 unde
298 1773 310 1808 s
388 1773 413 1807 ιε
432 1754 586 1809 effunditur
612 1755 737 1808 nutritur
760 1772 778 1809 a
800 1755 891 1810 corde.
917 1755 986 1808 dum
1010 1756 1096 1811 modo

80 1828 109 1880 et
136 1825 177 1879 sic
207 1843 279 1881 vene
309 1843 423 1894 pnsum
454 1826 583 1880 reddunt.
613 1825 781 1894 sanguinem
807 1825 975 1895 percipiant.
1009 1828 1096 1882 modo

79 1896 177 1966 pulsus
197 1900 293 1951 autem
310 1895 435 1950 nutritur
451 1912 502 1964 per
526 1913 584 1949 mo·
612 1895 760 1965 repellant.

81 1967 148 2020 dum
174 1984 244 2021 vene
273 1982 327 2035 que
353 1965 494 2035 recipiunt
521 1984 584 2020 san-

80 2037 196 2106 guinem
213 2038 260 2092 vel
279 2036 430 2106 expellunt.

80 2403 127 2440 cor
144 2391 241 2442 noster
255 2391 308 2457 (εῖτ)
322 2391 427 2458 ungtus
441 2389 485 2442 est
503 2390 532 2441 et
547 2387 585 2440 ad
612 2404 659 2441 cor
686 2389 782 2441 autem
812 2387 925 2440 iunctus
959 2390 1005 2441 est
1033 2389 1098 2459 pul·

78 2456 224 2525 pulmones
253 2462 281 2513 et
307 2459 379 2540 a<ca
397 2459 460 2513 odd.
480 2457 584 2581 coffi—
611 2458 710 2512 monis.
730 2461 759 2512 et
772 2457 803 2510 in
822 2457 937 2511 sinistra
950 2461 1037 2526 parte
1054 2460 1097 2513 in-

79 2543 179 2580 cumen
197 2527 257 2581 eius
281 2546 299 2582 a
320 2528 434 2582 sinistro
457 2544 504 2581 ma
536 2527 542 2540 '
569 2547 583 2600 p
612 2528 733 2582 clinatus
752 2531 803 2583 est.
828 2528 879 2581 sub
899 2527 1018 2583 sinistra
1037 2547 1099 2584 ma-

78 2596 252 2650 inclinantur
287 2598 318 2651 in
348 2598 462 2652 sinistro
494 2598 583 2653 latere
611 2599 713 2653 milles.
747 2600 776 2652 et
803 2598 878 2652 circa
906 2615 971 2652 eum
1000 2599 1098 2654 locum

78 2668 155 2735 quod
190 2668 269 2739 greci
297 2668 516 2738 precordia
540 2672 583 2723 to·
610 2669 719 2739 positus
746 2671 789 2723 est
816 2669 892 2737 quod
919 2669 998 2738 greci
1027 2688 1099 2741 pen-

77 2737 151 2791 raois
179 2738 314 2808 apellant.
342 2739 450 2794 habens
475 2738 506 2793 in
531 2740 583 2793 cir-
611 2740 709 2794 cardiu
730 2742 842 2794 vocant.
871 2739 1021 2808 cingentes
1050 2758 1098 2796 ex-

79 2809 156 2863 cuito
174 2810 338 2864 membrana
352 2809 432 2864 velut
445 2813 539 2863 castra
553 2809 584 2863 in
610 2814 715 2865 tremas
733 2812 829 2879 partes
847 2808 999 2879 pulmonis.

78 2880 179 2962 quo[d]
206 2880 324 2952 adsidue
352 2880 495 2934 minuetur
517 2881 583 2935 inde

77 2951 228 3019 respuatio
246 2951 380 3006 nascitur.
403 2949 517 3020 cingens
537 2967 583 3005 ex·

75 3022 181 3075 tremas
199 3024 295 3091 partes
313 3022 468 3092 pulmones.

112 3215 167 3283 (12)
188 3229 220 3266 su
241 3215 365 3283 erposita
388 3218 455 3269 sunt
471 3231 582 3284 precor·
645 3217 700 3283 (12)
716 3214 767 3267 sub
782 3214 826 3266 his
840 3213 933 3285 posite
950 3218 1019 3269 sunt
1032 3235 1099 3290 prg-

78 3281 127 3336 dia
155 3299 210 3350 quo
259 3284 336 3353 greci
359 3285 498 3339 frenans
526 3285 581 3339 vel
609 3284 707 3339 cordia
730 3285 807 3352 quod
828 3283 906 3353 greci
930 3284 1099 3357 diafragma

78 3351 277 3423 diairagma
295 3357 406 3409 vocant.
434 3355 581 3410 continent
608 3357 719 3411 vocant.
747 3353 904 3408 continenti
927 3354 1098 3424 pulmonem

67 3421 222 3494 pulmones
232 3427 262 3481 et
272 3423 356 3479 ficato
365 3441 473 3496 pennas
487 3425 580 3480 subie-
592 3424 638 3582 Ket
648 3442 695 3479 cor
702 3425 831 3479 subiacet
836 3426 932 3479 autem
939 3425 985 3478 his
992 3433 1099 3483 venter

286 3515 371 3590 HG)
803 3513 894 3580 Μ)
