2310 3864
262 230 265 235 ,
327 177 556 232 aurorusnou
574 179 832 234 rannounuou.
1048 177 1089 242 ui

77 358 145 401 rum
184 359 334 401 amurcam
372 361 482 421 coques
518 345 616 422 primo
648 345 710 421 igni
747 344 864 403 lortiori
895 343 930 403 ad
963 347 1090 424 primam

76 428 279 510 undationem,
302 431 432 492 secundo
451 438 481 490 et
503 433 592 492 tertio
611 431 694 491 molli
712 450 820 511 vapore
839 434 958 511 parcius
978 433 1091 493 ferveat

77 536 135 597 quo
153 521 351 597 pinguescere
370 522 472 598 possit.
506 539 573 581 cum
591 539 661 580 vero
681 520 891 600 coagulaverit,
910 539 1037 598 repones
1058 523 1090 581 in

74 625 125 667 vas
153 608 313 688 mundum,
341 615 371 668 ct
394 603 469 669 cum'
487 609 648 687 frigescere
672 612 816 690 coeperit,
844 609 964 668 linteola
992 609 1090 669 inlusa

75 694 139 755 loco
168 715 311 774 percusso
339 700 522 777 apponimus.
570 698 741 776 operabitur
768 717 837 758 vero
865 698 972 757 fortius
995 700 1089 758 virtus
1117 711 1131 751 5

75 784 297 866 medicamenti,
325 788 352 845 si
379 786 521 864 gallarum
549 786 701 866 pulverem
729 786 952 847 admisceamus.
999 786 1090 865 aliqui

75 873 199 933 eandem
237 893 387 935 amurcam
424 894 492 936 cum
529 875 633 935 eodem
668 875 790 953 pulvere
823 883 955 955 coquunt
987 882 1016 935 et
1048 877 1090 935 ita

75 969 207 1022 utuntur.
254 971 284 1024 et
316 963 441 1042 sulphur
471 966 570 1023 vivum]
603 982 671 1024 cum
699 967 814 1041 origani
845 963 966 1044 pulvere
995 982 1089 1042 aequa

74 1068 215 1111 mensura
237 1051 353 1112 vulneri
377 1059 545 1131 aspergunt.

165 1143 216 1218 qui
243 1159 314 1200 vero
346 1141 426 1200 ferro
459 1142 550 1201 altum
578 1140 684 1201 vulnus
718 1143 898 1222 suscipiunt,
931 1141 971 1201 fel
1003 1141 1088 1201 bovis
1099 1134 1139 1202 65

75 1226 178 1288 uncll
201 1236 231 1289 ct
257 1229 332 1290 ficus
360 1232 461 1308 nigrae
487 1228 640 1289 lacrimam
663 1229 722 1291 und
739 1231 752 1290 l
772 1237 801 1290 et
824 1230 925 1309 adipes
950 1233 1086 1309 caprinos
1102 1243 1127 1282 11

74 1315 133 1378 unc
151 1316 192 1377 lll
214 1320 246 1377 in
268 1337 361 1378 unum
381 1318 587 1378 commiscebis
607 1326 637 1379 et
659 1319 848 1399 temperabis
872 1326 902 1379 et
919 1318 976 1379 hoo
994 1319 1087 1379 medi-

74 1413 208 1478 camento
228 1407 407 1467 curabimus.
453 1406 540 1467 aliud.
578 1407 666 1468 bacas
684 1408 761 1469 lauri
780 1426 848 1468 cum
866 1410 965 1468 resina
984 1416 1087 1469 tunsas

74 1492 147 1554 locis
167 1496 369 1573 imponimus.
415 1495 590 1574 glutinantia
622 1515 692 1556 vero
725 1497 871 1557 adiutoria
903 1496 976 1557 haec
1009 1503 1087 1558 sunt.

73 1585 190 1643 resinae
209 1586 305 1644 siccae
324 1583 428 1663 pulvis.
472 1584 570 1663 capilli
588 1583 741 1645 hominum
761 1604 853 1663 aequa
871 1586 1085 1664 ponderatione
1102 1596 1128 1636 1⁵

74 1690 141 1732 cum
169 1679 236 1732 ture
263 1673 394 1733 masculo
423 1672 570 1733 combusti
598 1681 627 1732 et
655 1673 808 1734 cribellati.
854 1675 907 1734 scd
931 1693 997 1734 cum
1021 1674 1086 1753 pul-

147 1794 161 1842 1
182 1791 257 1856 (item
276 1792 304 1859 7)
322 1807 470 1861 amurgam
484 1809 506 1845 r.
599 1806 700 1859 coques
714 1791 764 1844 Bb
782 1790 851 1859 (—is
865 1795 904 1852 ri:
924 1807 1012 1859 coque
1028 1792 1086 1847 Gal.

74 1859 134 1931 igni
152 1860 411 1917 corbeienses:
429 1861 495 1930 igne
514 1860 627 1915 forciori
646 1863 670 1916 b.
726 1867 741 1914 2
760 1861 947 1915 undacionem
960 1864 989 1916 b:
1008 1879 1087 1915 mun-

74 1931 218 1986 dationem
235 1932 350 1988 rBGel.
432 1931 513 1985 molli
531 1947 636 2002 vapore
653 1933 701 1986 rB
713 1932 783 1987 Get:
803 1949 854 1986 om.
874 1934 898 1986 b.
975 1931 1086 2001 parcius

73 2001 183 2057 ferveat
199 2005 235 2058 rb
247 2004 318 2059 Gal:
338 2021 388 2059 om.
404 2004 438 2058 B.
513 2009 529 2056 3
548 2019 665 2073 repones
686 2003 784 2058 ousta
805 2001 882 2055 -nis
897 2003 931 2056 B.
1005 2007 1022 2054 4
1036 2019 1086 2056 vas

73 2073 209 2127 mundum
227 2075 275 2128 rB
286 2075 357 2130 ueta
376 2090 443 2137 vase
462 2074 567 2128 mundo
587 2077 609 2129 b.
696 2075 725 2128 et
743 2090 807 2126 cum
825 2073 857 2128 fr.
877 2074 905 2127 B
916 2073 988 2128 Get:
1008 2074 1037 2126 et
1055 2075 1087 2127 ut

72 2144 253 2214 refrigescere
272 2147 295 2200 b.
404 2143 523 2199 linteola
536 2145 635 2199 infusa
652 2145 715 2199 loco
733 2144 807 2214 (loca
824 2147 849 2214 r)
867 2145 950 2198 er:
969 2142 1086 2197 linteolo

71 2213 166 2269 infusa
183 2215 214 2269 in
232 2215 294 2269 loco
314 2217 372 2273 oet.
445 2216 613 2286 apponimus
631 2235 654 2285 r,
674 2215 839 2286 opponimus
858 2217 898 2271 B:
917 2213 1086 2283 imponimus

72 2287 158 2342 tuat.
206 2303 272 2341 vero
290 2289 351 2343 rB:
371 2303 421 2342 om.
437 2288 495 2343 Gal.
550 2288 639 2342 virtus
658 2285 871 2341 medicamentis
882 2288 977 2355 (sic)r:
996 2284 1086 2339 virtus

73 2357 139 2425 uec,
159 2357 397 2412 medicamentum
410 2358 437 2411 B
452 2358 531 2427 (mire
546 2376 589 2429 op.
605 2361 635 2412 et
647 2376 674 2429 g.
689 2357 833 2428 pulverem
852 2356 1036 2410 amiscoamus
1051 2358 1085 2426 b).

72 2427 95 2480 si
118 2447 145 2499 g.
169 2428 299 2499 pulveres
323 2432 429 2499 (-rem
446 2432 471 2499 r)
496 2430 569 2484 adm.
592 2431 655 2485 rB:
684 2429 709 2483 si
733 2427 945 2483 medicamentis
973 2446 1000 2498 g.
1023 2428 1085 2498 pul-

70 2515 166 2554 verem
184 2500 259 2556 edm.
279 2501 337 2557 Gal.
448 2505 462 2554 't
483 2505 512 2554 at
529 2500 571 2554 ita
589 2501 707 2554 utuntur
724 2501 817 2556 rdet:
837 2503 867 2553 et
884 2499 926 2553 ita
944 2500 1042 2553 utatur
1060 2502 1085 2568 b,

70 2587 120 2626 orn.
141 2572 176 2625 B.
250 2577 266 2625 8
286 2574 315 2625 et
332 2572 391 2639 rB,
411 2570 461 2624 alii
479 2587 545 2625 vero
566 2572 637 2627 Get:
656 2589 707 2627 om.
727 2568 764 2626 bs
829 2570 924 2625 Sulfur
941 2570 1038 2623 vivum
1056 2572 1084 2625 b:

71 2640 182 2711 Sulf(ph
200 2641 297 2710 B)uris
315 2641 374 2696 vivi
387 2643 435 2697 rB
447 2643 504 2697 Gal.
570 2659 641 2695 -cum
659 2658 683 2697 o.
703 2641 846 2712 pulverem
864 2642 957 2710 clici,
977 2657 1042 2695 —re
1056 2643 1084 2696 b:

70 2714 99 2766 et
117 2729 142 2767 o.
161 2712 306 2783 pulverem
324 2714 360 2768 B.
436 2718 468 2766 10
487 2711 541 2778 Qui
559 2714 607 2767 rB
618 2714 688 2769 Get:
709 2713 739 2767 Si
758 2715 781 2767 b.
855 2711 944 2766 altum
964 2713 1035 2767 ua:
1055 2712 1085 2765 in

70 2782 162 2837 altum
179 2784 215 2849 Β,
235 2783 314 2854 aliqd
332 2803 355 2848 r,
375 2801 418 2838 om
432 2786 455 2838 b.
528 2784 609 2838 bovis
628 2784 711 2839 bGel.
726 2783 817 2853 (uobis
835 2787 873 2853 r):
891 2782 1030 2837 bubulum
1048 2783 1083 2837 B.

69 2860 101 2906 11
122 2853 270 2908 unciarum
288 2855 368 2922 H.B‚
387 2871 449 2909 uno.
464 2854 497 2910 Il.
511 2856 578 2922 Gal,
597 2859 633 2921 ᾖ
647 2856 680 2909 lI.
695 2873 718 2922 r,
738 2855 764 2908 Π
777 2858 812 2921 ἦν
828 2857 851 2909 b.
897 2855 966 2907 ficus
985 2853 1084 2922 nigrae

68 2926 116 2979 rB
126 2926 198 2981 Get:
219 2925 285 2981 Pica
303 2926 386 2998 nigra
404 2928 427 2981 b.
506 2925 654 2980 lacrimam
673 2925 776 3049 (ttrarlcgJ
785 2926 857 2982 aet:
876 2943 989 2977 -mum
1006 2925 1083 2980 rbB.

68 3012 130 3050 unc.
141 2997 162 3051 I.
175 2998 242 3066 Gal,
257 2997 276 3052 I.
292 3002 327 3065 ἣν
341 3001 365 3066 b,
384 3001 421 3064 ᾖ
433 2997 453 3052 Ι.
464 3007 493 3052 ri
511 3014 573 3051 unc.
588 2997 622 3051 H.
636 2998 672 3051 B.
728 3013 745 3050 a
768 2996 827 3066 'pes
841 2995 971 3076 caprinas
985 2996 1083 3065 (adeps

68 3067 253 3138 caprinus...
268 3070 306 3138 Β)
325 3068 521 3122 commiscetur
534 3069 563 3121 et
577 3070 751 3148 temperatur
764 3069 819 3136 ΥΒ,
839 3067 937 3136 adipes
954 3067 1083 3136 caprinos

68 3182 108 3194 ...
125 3139 290 3194 commisces
305 3143 344 3210 (et
356 3139 484 3209 inpones)
495 3142 518 3207 b,
539 3138 896 3208 a.capr1nos...oommisoe
911 3141 939 3192 et
956 3141 1083 3208 tempera

68 3210 126 3266 θεῖ.
184 3215 217 3264 13
233 3211 392 3265 curabimus
408 3211 480 3266 Get:
495 3211 608 3263 curatur
621 3210 676 3265 rB.
727 3208 806 3263 aliud
821 3210 879 3266 det.
895 3215 920 3264 et
933 3211 979 3278 (ol.
990 3210 1081 3279 m.)B:

67 3281 136 3336 item
154 3300 177 3337 r.
250 3281 277 3336 b.
297 3281 315 3337 l.
335 3299 357 3337 c.
376 3299 398 3336 r.
417 3284 516 3335 tunsae
535 3280 672 3350 imponito
688 3283 703 3335 b
719 3283 776 3350 (qod
795 3283 888 3336 olicae
905 3281 991 3348 insert
1004 3281 1081 3334 boec:

67 3353 97 3408 ui
114 3369 182 3408 voro
200 3353 273 3407 ferro
291 3352 412 3408 incisum
425 3351 526 3406 vulnus
542 3355 602 3421 ...).
655 3357 687 3405 lb
702 3368 723 3406 r.
739 3351 830 3405 siccae
843 3369 859 3406 r
870 3352 928 3407 Gal.
939 3353 1031 3422 (succa
1042 3351 1081 3417 b):

66 3423 201 3497 resinosip
218 3425 255 3479 B.
333 3429 366 3478 16
385 3422 526 3478 combusti
544 3426 574 3477 et
592 3421 733 3476 cribellati
750 3423 837 3478 rGel.
854 3420 1026 3493 (pulverem.
1043 3433 1092 3470 ca·

68 3531 197 3602 pilli...)
216 3531 360 3585 combures
379 3533 408 3585 ot
425 3529 515 3586 cribes
533 3496 626 3604 (dhes)
645 3533 676 3590 b:
694 3529 780 3587 tunsi
798 3533 832 3587 et
850 3523 1008 3586 cribellati
1023 3522 1069 3574 Β.

918 3617 956 3658 μ
